2752 4844
515 384 575 445 alt
607 385 838 445 Plsottasx

190 587 272 676 Quis
294 594 406 658 tamen
428 586 565 679 exiguos
590 586 702 680 elegos
726 588 870 657 emiserit
891 593 1024 677 arretor,

191 707 405 776 Grarnruatiei
420 712 568 795 uertant,
593 715 627 776 et
646 707 756 775 adhuc
781 705 845 775 sub
866 706 976 776 iudice
1001 706 1041 774 tis
1062 711 1123 776 est.

190 823 431 894 Archilochum
452 824 591 919 proprio
617 823 727 895 rabios
749 827 888 894 armavit
911 823 1037 893 iambo:

158 1046 260 1111 pehant:
283 1049 418 1095 conseratur
433 1049 462 1096 H.
476 1049 657 1113 Cannegieterus
690 1060 803 1097 vocantur
820 1050 892 1114 Elegi.
913 1051 1044 1097 Committe
1058 1049 1148 1112 Elegea
1162 1065 1191 1097 ex

158 1133 184 1179 in
201 1134 328 1197 Rescriptis
349 1133 480 1182 Boxhornio
497 1133 526 1180 de
544 1134 656 1182 Distichis
689 1146 763 1182 metro
786 1136 923 1183 hexametro
946 1144 970 1181 et
992 1144 1138 1198 pentametro
1157 1161 1190 1170 —

159 1218 250 1266 Catenis
267 1236 319 1283 pag.
334 1221 399 1280 378,
423 1221 464 1284 qui
481 1231 603 1285 praeterea
621 1230 655 1268 to·
689 1223 751 1269 sario
770 1221 848 1285 elegos
865 1238 894 1268 ex
912 1219 1039 1267 commissis
1053 1218 1190 1266 hexametro

159 1313 210 1350 tum
231 1303 274 1351 hoc
290 1315 455 1368 argumentum
473 1306 590 1370 peculiari
606 1308 656 1354 Ilis-
690 1317 714 1355 et
740 1317 903 1372 pentametro;
940 1316 1066 1370 utrumque
1093 1304 1189 1353 Latine:

159 1390 283 1436 sartatione
294 1389 432 1438 illustravit.
448 1392 524 1456 Atque
536 1391 594 1440 haec
604 1392 658 1440 ideo
691 1394 757 1456 prius
774 1395 845 1441 etiam
860 1393 1009 1457 exquisitius.
1034 1392 1192 1439 Cerumittere

159 1476 253 1540 scripsi,
276 1477 333 1541 quIa
354 1477 430 1524 multa
445 1478 536 1524 Horatii
552 1477 603 1525 loca
621 1479 656 1525 fa·
689 1478 751 1526 idem
766 1479 835 1543 plane
851 1489 885 1526 est
899 1481 1090 1542 atqueiung'ere.
1106 1476 1189 1540 Virgil.

158 1560 198 1608 cili
222 1561 391 1609 vocabulorum
413 1564 593 1627 transpositione
615 1581 654 1612 ex·
686 1565 784 1613 Aeneid.
799 1566 845 1625 lll,
859 1567 914 1613 420.
929 1566 1029 1627 pistrix
1037 1565 1188 1626 Delphinum

156 1645 245 1711 plicare
264 1658 360 1695 conatus
376 1665 434 1696 sum.
453 1649 519 1712 Quod
532 1649 561 1696 ad
577 1657 655 1718 caetra
687 1651 776 1697 caudes
810 1657 880 1697 utero
909 1651 1036 1697 emeruisse
1069 1650 1187 1711 luporum.

156 1733 255 1794 attinet,
269 1732 313 1780 hoc
326 1751 372 1780 nou
383 1733 450 1780 modo
464 1735 655 1797 pronuntiatione
688 1736 757 1783 Plura
774 1737 916 1799 interpretes
929 1734 959 1782 ad
967 1734 1032 1782 ovid.
1043 1735 1136 1781 Metam.
1146 1734 1188 1796 ll,

157 1818 197 1866 sed
206 1821 277 1867 etiam
286 1819 408 1867 literarum
416 1822 489 1867 forma
498 1838 570 1885 prope
579 1821 658 1868 aduu-
690 1823 751 1883 259,
777 1832 801 1868 et
822 1821 944 1875 Claudiani
960 1821 1029 1885 Rapt.
1045 1821 1149 1884 Proserp.
1165 1819 1189 1881 l,

157 1921 222 1953 mero
231 1905 334 1967 accedit,
348 1915 371 1952 et
380 1907 521 1972 oriripotuit
530 1925 559 1955 ex
568 1908 652 1972 glossa.
685 1910 741 1956 2:32.
767 1908 877 1955 Manilius
892 1909 917 1968 l,
934 1909 990 1954 4011.
1014 1907 1110 1969 duplici
1130 1906 1190 1952 Ceu·

191 1993 254 2050 Quis
268 2000 348 2039 terren
361 1996 464 2058 exiguos
480 1977 559 2058 elegos
573 1997 658 2041 emise-
692 2002 779 2041 taurus
794 1995 906 2058 imugiria
913 1994 1019 2058 fulget,
1038 1993 1101 2038 Pers
1117 1992 1192 2038 horati·

158 2081 197 2127 rii
210 2087 301 2126 auctor.
317 2079 449 2143 Stephanus
459 2082 484 2126 in
496 2080 569 2126 Diatr.
582 2097 605 2144 p.
615 2082 655 2128 59.
690 2083 745 2142 nia,
762 2088 830 2144 tergo
840 2087 928 2142 peetus
943 2078 1188 2139 eornrnissuseqeiuo.

158 2165 285 2211 inveneris
295 2165 608 2227 arctoumqmmveneris
618 2163 656 2210 vel
689 2180 760 2228 quem
776 2165 854 2211 locum
871 2180 946 2227 nuper
963 2163 1080 2226 explicavi
1097 2161 1126 2208 ad
1143 2162 1192 2208 lir-

111 2226 113 2237 .
159 2251 286 2297 invenerit
303 2247 387 2295 melius
403 2247 499 2309 iudico,
518 2264 587 2312 quam
602 2250 661 2294 emi-
694 2248 748 2312 gilii
768 2247 864 2294 Aeneid.
882 2247 938 2308 vlt,
953 2229 1063 2310 pagii.
1088 2246 1123 2293 ad
1140 2264 1191 2294 eam

161 2337 234 2382 serit.
257 2332 352 2381 librum
367 2336 480 2380 emittere
497 2334 615 2397 significat
628 2335 658 2380 iu
690 2335 805 2380 rationem
827 2332 904 2380 dicere
928 2334 1000 2397 possis
1023 2333 1058 2379 El
1068 2334 1113 2396 gi,
1131 2348 1192 2396 peu·
1217 2336 1221 2342 '

124 2414 134 2485 f
161 2423 236 2468 lucem
249 2421 331 2481 edere,
346 2436 415 2484 quem
430 2419 506 2466 adhue
521 2419 585 2466 intus
596 2419 659 2466 domi
693 2427 809 2467 tametros
822 2420 947 2466 eornmissi
962 2420 1120 2466 hexametris.
1134 2419 1190 2481 Quis

158 2507 293 2554 retinueris.
312 2505 376 2552 Illud
393 2507 506 2552 eruittere
519 2503 592 2552 habet
605 2521 657 2553 sen·
689 2505 770 2570 Elegea
787 2507 839 2560 ‘ita
863 2502 1008 2553 coturnisit?
1040 2504 1191 2552 Grammatici

160 2594 259 2640 tentiam
287 2592 360 2656 magis
386 2592 504 2656 propriam
526 2592 601 2639 aetati
622 2609 658 2639 re·
691 2602 790 2639 uertant.
817 2591 901 2639 Eadem
918 2591 1030 2657 loquendi
1047 2590 1191 2638 consuetudo

160 2680 272 2740 acutiori,
291 2694 361 2742 quam
374 2688 495 2738 vetustae,
510 2693 583 2742 quum
599 2695 658 2725 nova
691 2676 784 2724 obtinet
803 2679 828 2724 in
844 2677 915 2726 verbo
931 2681 1034 2743 iungere
1052 2688 1076 2724 et
1091 2679 1181 2725 cerrima
1211 2687 1214 2696 “

160 2775 234 2812 metra
251 2762 448 2825 inveniebantur,
472 2773 496 2810 et
513 2774 595 2826 poetae
613 2781 660 2811 nou
688 2779 756 2828 gere.
776 2766 853 2830 Iunge
868 2780 958 2826 uaeas,
985 2781 1013 2812 ex
1030 2765 1101 2811 variis
1117 2766 1191 2828 parti-

161 2849 218 2897 adeo
237 2849 309 2897 libros
326 2848 480 2908 emittebant,
497 2848 538 2896 sed
556 2850 657 2897 carmina
690 2849 734 2897 hus
751 2867 876 2914 compono,
893 2852 970 2914 iunge
978 2851 1128 2910 aeuieitiem,
1134 2840 1189 2909 foe·

161 2934 302 2984 recitabant.
315 2936 409 2982 Auctor
422 2951 490 2998 saepe
505 2934 567 2982 idem
583 2945 617 2983 est
631 2952 658 2983 ae
691 2937 762 2998 alere,
787 2937 850 2998 alia,
869 2953 928 3001 quae
949 2935 1042 2984 librarii
1058 2953 1126 3001 saepe
1144 2953 1190 2985 nou

162 3023 281 3084 scriptor,
298 3022 332 3068 ita
346 3030 374 3068 ut
390 3037 435 3067 non
453 3021 527 3086 magis
539 3031 603 3069 recte
617 3037 658 3086 po·
690 3023 852 3087 intelligentes
865 3031 986 3069 mutarunt
999 3023 1024 3068 in
1038 3039 1115 3070 casum
1126 3021 1192 3069 abla-

160 3117 232 3156 uatur
248 3106 277 3154 de
291 3107 438 3172 Polymnesto
451 3106 606 3171 Colophonio,
624 3108 659 3154 in-
691 3109 766 3154 tivum
782 3110 913 3168 euticitiu,
925 3108 1028 3162 loedcre.
1045 3108 1101 3156 lide
1117 3110 1191 3156 inter·
1238 3120 1239 3124 ’

161 3204 272 3255 venture,
287 3210 357 3258 quam
371 3193 400 3240 de
413 3193 568 3255 Callimacho,
583 3193 661 3257 elego·
693 3204 772 3258 pretes
782 3191 811 3240 ad
819 3195 869 3241 Liv.
879 3194 975 3255 xxxi,
984 3197 1020 3242 12.
1031 3194 1188 3243 lalenFlacc.

154 3296 214 3328 -rum
227 3281 349 3344 scriptore.
363 3279 387 3326 Si
397 3280 506 3326 Horatius
515 3278 586 3326 verbo
599 3281 658 3326 emi-
690 3280 715 3340 l,
731 3281 784 3326 123.
803 3289 827 3326 et
840 3278 923 3327 Silium
933 3280 986 3328 ltal.
997 3280 1027 3342 V,
1039 3282 1094 3327 553.
1113 3281 1149 3326 El
1157 3280 1191 3342 gi

162 3368 227 3413 serit
243 3367 328 3413 fuisset
341 3383 410 3426 usus,
428 3364 555 3412 addidisset
569 3363 660 3429 aliquid
692 3374 772 3411 autem
789 3381 830 3412 cur
845 3366 997 3430 appellentur
1010 3367 1111 3429 exigui,
1129 3363 1189 3410 hene

162 3456 272 3515 auctori,
294 3469 340 3517 quo
361 3450 497 3516 ambiguum
518 3451 659 3512 tolleretur,
694 3452 803 3514 exposuit
826 3451 950 3499 Sautenius
973 3451 1003 3499 ad
1026 3451 1191 3498 Terentianum

162 3554 185 3586 u.
198 3556 218 3586 e.
237 3541 293 3601 quis
307 3546 387 3585 tamen
400 3538 443 3584 hos
451 3539 569 3599 prinecps
581 3539 661 3600 elegos
692 3537 797 3584 Maurum
812 3553 865 3602 pag.
874 3539 919 3584 311
936 3554 969 3602 sq.

163 3627 276 3672 miserit
288 3631 380 3672 auctor.
403 3624 430 3670 ln
444 3622 504 3670 MSS.
520 3621 659 3687 quibusdam
723 3624 894 3671 Archilochum
901 3625 1004 3688 proprio
1016 3625 1097 3669 rabies
1111 3637 1190 3668 artuu-

164 3709 227 3775 apud
248 3710 315 3756 Feam
337 3708 426 3773 legitur
442 3710 522 3772 elegos
537 3710 659 3757 eorumise-
691 3711 731 3756 oit
746 3711 832 3758 iambo.
860 3711 942 3757 Versus
959 3712 982 3757 in
1001 3726 1047 3756 uno
1063 3707 1127 3755 Leid.
1142 3706 1187 3755 lllS.

164 3799 210 3843 rit.
241 3795 289 3841 Hoc
314 3793 398 3842 lubens
423 3795 522 3860 accipio.
548 3795 660 3843 Homerus
693 3769 958 3861 omissus,uegligentia
970 3794 1069 3842 librarii.
1080 3793 1191 3841 Barthius

163 3881 312 3930 hexametros
329 3881 426 3928 invenit.
445 3881 511 3929 Alter
524 3881 660 3929 hexametro
693 3882 824 3945 corrigelat
836 3897 948 3945 propero.
968 3881 1044 3927 llinus
1060 3880 1189 3945 eleganter.

164 3967 256 4016 addidit
273 3965 389 4014 alternum
408 3977 587 4030 pentametrum.
605 3967 658 4014 ler—
690 3968 723 4014 Ile
744 3968 872 4015 eeleritate
893 3967 960 4033 pedis
976 3966 1060 4014 deinde
1077 3969 1134 4015 satis
1150 3985 1190 4015 ex·

164 4071 203 4103 sus
216 4054 250 4101 ita
266 4053 389 4118 impariter
406 4054 520 4100 commissi
532 4052 571 4101 vel
585 4053 662 4101 iuncti
694 4054 798 4117 ponitur.
