2752 4844
529 369 589 429 ΑΒ
620 368 837 429 PlSONHS.
1150 371 1187 431 71

195 567 270 637 Non
297 569 385 639 circa
412 569 532 660 vilem,
556 568 782 666 patulumque
806 569 990 641 moraberis
1013 570 1148 657 orbem,

194 685 262 757 Nec
282 685 424 758 verbum
449 687 552 759 verbo
577 687 711 760 curabis
740 689 878 762 reddere
901 689 992 760 *lidus
1050 755 1053 758 ,

162 972 279 1022 Donatus:
293 972 464 1032 »Ascanimia
481 975 520 1024 Sic
533 976 662 1024 diceardnm
693 992 759 1041 pere.
783 975 829 1024 Sed
846 975 973 1040 Horatius,
992 975 1079 1040 credo,
1098 979 1190 1026 usmi-

159 1065 269 1106 osteum
285 1061 368 1124 aliquo
379 1064 482 1126 ἕσσαθ’
506 1062 535 1108 Et
547 1060 658 1110 Horatius
689 1063 779 1127 pserit,
791 1063 887 1109 rectius
899 1062 1124 1128 deducis,qnomsi
1132 1077 1191 1127 pro-

158 1142 204 1192 hoc
220 1143 322 1193 efferens
337 1146 375 1193 εἰσ
386 1146 529 1210 prtfferros,
548 1145 659 1194 humeros
681 1147 781 1210 serres,
798 1163 875 1212 neque
893 1147 1019 1213 colaphum
1034 1164 1111 1213 neque
1124 1149 1190 1197 feru·

157 1245 250 1278 sursum
263 1229 379 1280 movebat.
402 1232 442 1279 Fst
459 1232 545 1295 etiam,
561 1230 605 1280 uhi
621 1234 660 1280 εἰσ
691 1231 739 1281 lam
759 1242 873 1282 meretur.
897 1232 923 1281 st
943 1233 1037 1299 inquit,
1061 1232 1125 1299 quod
1142 1232 1190 1282 tihi

157 1317 316 1364 temeritatem
332 1325 357 1364 et
372 1315 466 1364 nullum
482 1316 606 1367 consilium
622 1319 659 1366 ia·
691 1327 774 1366 auctor
791 1334 855 1381 sum,
879 1318 956 1381 facis,
980 1335 1008 1367 ac
1023 1318 1125 1367 deducis
1140 1335 1190 1368 car-

155 1398 234 1465 dicat,
265 1400 409 1468 respondem
443 1403 495 1450 fere
517 1402 657 1451 Graecorum
689 1420 744 1452 meu
761 1403 904 1468 exlliade,
925 1405 1014 1453 rectius
1028 1405 1097 1470 agis,
1118 1420 1189 1471 quam

155 1487 246 1544 οὕτως.
262 1488 357 1537 Terent.
373 1487 446 1537 Andr.
460 1488 483 1550 Ι,
492 1501 524 1551 u,
532 1489 556 1538 4.
573 1490 656 1537 Miro·
688 1497 787 1537 tantam
801 1491 851 1538 tibi
862 1505 983 1553 sumeres,
998 1499 1026 1538 nt
1039 1506 1123 1538 novam
1135 1507 1188 1555 pen

154 1573 654 1636 bor,hocsisicobirst.llonatus:aSic,
686 1591 765 1624 sonam
790 1576 917 1639 formares,
941 1577 968 1623 si
988 1576 1090 1624 σσίσνσε
1104 1592 1188 1624 novam

153 1675 196 1724 pro
226 1661 316 1708 leviter
339 1669 366 1710 et
385 1662 559 1726 negligenter,
592 1659 655 1726 qnod
688 1661 799 1710 formare.
816 1662 940 1723 Bedesis,
957 1661 1077 1726 quianon
1093 1659 1200 1709 dubitat

153 1743 236 1794 Graeci
253 1746 336 1804 οὕτως
352 1746 450 1808 meunt,
467 1756 492 1794 et
509 1755 543 1794 est
556 1745 586 1794 de
602 1745 653 1808 his,
688 1747 793 1795 Pisonem
816 1764 865 1794 esse
890 1745 1065 1809 deducturum,
1088 1747 1187 1809 statim,

153 1845 214 1894 quae
236 1830 368 1880 adiuvanda
388 1841 458 1896 gestu
473 1835 556 1881 sunt.”
579 1833 653 1880 Recte
686 1833 807 1898 primenti
823 1842 942 1898 tempore:
963 1832 1109 1896 proferres,
1129 1833 1187 1898 quia

152 1915 257 1965 Donatus
280 1917 309 1964 ds
323 1924 413 1982 gestas,
438 1916 479 1966 sed
499 1915 585 1965 addere
611 1916 651 1965 de·
682 1916 794 1980 dubitat,
808 1935 856 1966 nou
872 1915 948 1966 credit
961 1918 1068 1966 Pisonem
1083 1916 1129 1965 hoc
1142 1917 1188 1966 ali·

151 1999 243 2068 huisset
252 2005 491 2067 pronuntiationem.
500 2004 579 2068 Longe
588 2004 652 2051 enim
684 2003 778 2069 quando
805 2020 934 2066 ausurum,
968 2012 1074 2069 tempore
1099 2004 1186 2068 imper}

149 2087 222 2136 aliter
243 2089 366 2138 efferimus
386 2091 437 2152 εἰσ,
458 2091 480 2138 si
494 2090 652 2154 interroganti
684 2090 758 2138 lecto.

149 2173 266 2238 quamdo
276 2173 409 2237 valeamus,
418 2172 585 2238 respondemus
599 2176 652 2234 sic,·
718 2175 771 2223 Nec
784 2176 879 2223 ssrdasm
891 2176 961 2223 verda
970 2174 1069 2222 curabis
1077 2174 1185 2223 reddere.

60 2251 63 2258 ’
151 2258 224 2306 aliter
244 2260 267 2307 si
282 2257 396 2307 dicimus:
412 2257 466 2328 ‚hoc
486 2257 533 2306 tihi
553 2275 600 2306 non
616 2260 655 2306 εἰσ
687 2258 724 2306 lta
747 2276 811 2308 nunc
835 2261 921 2325 passim
945 2258 1064 2321 editores,
1089 2260 1186 2308 verdum

148 2341 241 2407 abibit,
258 2343 302 2392 ille
315 2345 353 2392 εἰσ
365 2361 391 2392 se
405 2343 477 2392 humo
490 2345 599 2408 proiecit.
616 2345 650 2392 Da
683 2346 768 2405 verbm
791 2355 816 2394 et
836 2344 918 2394 eodem
938 2344 1020 2393 ordine
1039 2343 1076 2392 bis
1092 2347 1185 2410 profert

65 2451 69 2463 ·
146 2431 194 2478 ista
208 2430 383 2496 significatione
391 2428 651 2495 particulaesicetiam
683 2429 777 2478 Servius
798 2428 829 2478 ad
852 2431 910 2479 hen.
924 2430 949 2493 l,
966 2433 1023 2479 227.
1046 2439 1071 2478 et
1091 2430 1141 2493 XI,
1158 2435 1184 2480 1.

146 2514 239 2581 aliquid
246 2516 341 2582 scripsit
349 2515 476 2565 Burmann.
485 2513 515 2563 ed
524 2515 616 2564 Petron.
623 2532 659 2581 p.·
681 2515 839 2583 Hieronymus
858 2515 889 2564 ad
905 2514 1080 2564 Pammachium
1096 2514 1125 2564 dc
1141 2533 1183 2582 op·

146 2600 647 2665 687,ntomittamTursellinumetalios.
681 2602 739 2649 timo
763 2618 850 2668 genere
873 2600 1059 2667 interpretandi:
1085 2601 1136 2650 Sed
1156 2611 1183 2650 et

146 2688 229 2738 Postea
241 2687 292 2737 vidi
305 2699 330 2737 et
342 2687 453 2736 Bothium
464 2688 589 2736 coniecisse
600 2688 645 2736 εἰσ.
679 2688 817 2750 Horatius,
830 2689 872 2736 eir
883 2695 972 2735 ocutus
987 2694 1013 2736 st
1025 2688 1124 2750 doctus,
1138 2689 1182 2738 hoc

145 2774 272 2823 danmatio
301 2775 349 2822 viri
372 2773 494 2838 diligentis
514 2772 575 2821 haec
597 2782 646 2821 est:
679 2773 786 2820 idemin
798 2773 977 2822 AstsPoeticcs
990 2773 1182 2821 emmitointer·

71 2842 78 2857 '
148 2859 197 2907 asi
214 2869 295 2908 sutem
311 2858 426 2920 deducis,
447 2874 490 2905 cur
506 2875 554 2906 non
568 2859 649 2922 prma-
675 2860 748 2923 preti
759 2860 906 2923 precm'pit,
925 2858 979 2906 Nec
994 2855 1093 2906 verbum
1107 2856 1181 2908 verbo

146 2958 203 3006 ras,
227 2944 269 2993 scd
280 2941 427 3012 proferres?
449 2943 510 2991 Sane
527 2942 572 2992 hoc
593 2953 645 3007 est,
678 2946 777 2994 curabis
792 2945 892 2993 reddere
899 2944 972 3005 fidos
983 2943 1119 3008 Interpres.
1136 2943 1181 2994 Ubi

146 3029 210 3097 quod
225 3032 307 3094 aiunt,
319 3029 445 3096 colaphum
457 3030 589 3094 refringere
597 3029 646 3077 Pri·
678 3029 756 3080 obiter
768 3029 910 3092 notandum,
928 3028 984 3078 falli
995 3027 1036 3077 hic
1049 3027 1180 3078 eruditissi-

144 3117 232 3167 scIano.
256 3117 384 3181 Corruptus
408 3125 444 3165 est
467 3115 550 3179 locus,
571 3132 643 3181 quem
674 3132 739 3165 mum
765 3117 874 3178 Patrem,
899 3133 927 3164 ac
951 3115 1013 3164 male
1042 3117 1178 3182 accepisse,

47 3262 49 3267 Ι
143 3204 257 3252 restituas
279 3200 393 3268 legendo:
419 3202 523 3250 Rectius
538 3202 645 3251 Iliacum
676 3201 872 3268 quemadmodum
886 3200 995 3250 etmulti
1007 3200 1092 3264 hodie,
1105 3201 1179 3254 verba

143 3289 249 3340 deduses
264 3304 362 3337 carmen
373 3289 404 3336 in
415 3295 499 3351 actus,
514 3288 594 3346 Quom
606 3289 645 3336 εἰσ
676 3287 761 3335 Flacci.
770 3287 830 3355 'Non
846 3289 909 3336 euim
925 3289 1043 3354 praecipit
1058 3287 1178 3353 Interpre-

139 3374 265 3438 prsffsrrss
283 3384 330 3423 cet.
346 3374 475 3436 Dedisses,
491 3371 641 3435 deduxisses,
675 3373 712 3434 ti,
733 3389 815 3421 verum
833 3374 952 3439 praecipit
972 3373 1082 3438 scriptori
1097 3373 1176 3438 Tragi-

143 3469 171 3508 ut
194 3475 348 3524 smpsimus,
376 3460 474 3522 evasii,
499 3474 643 3507 summosses
675 3474 716 3520 co,
733 3474 763 3506 ns
776 3460 902 3524 interpres
917 3460 980 3507 velit
995 3473 1055 3507 csse.
1077 3458 1128 3506 Huc
1141 3457 1177 3506 al·

143 3544 207 3610 apud
221 3546 350 3608 Nostrum,
366 3546 532 3607 deessemus,
552 3545 646 3593 decres-
676 3542 741 3594 ludit
760 3554 784 3592 et
800 3543 915 3593 Boethius
935 3547 961 3593 in
977 3544 1135 3610 Porphyrium
1151 3543 1177 3607 1,

142 3637 200 3677 sent
230 3629 295 3697 apud
322 3630 470 3694 Ciceronem,
502 3632 643 3678 essmnsem
675 3647 699 3696 p.
708 3631 748 3678 46.
759 3632 791 3679 In
804 3647 850 3695 qno
861 3631 958 3695 quidem
966 3646 1062 3691 versor,
1079 3644 1109 3676 ns
1122 3630 1177 3678 sub·

143 3714 207 3778 apud
221 3715 360 3781 Virgilium,
384 3715 473 3765 similia
493 3714 558 3782 apud
573 3716 642 3764 Plau·
673 3714 1177 3781 ierimfidcisssgefidi)interpretiscub

142 3809 194 3848 tum
216 3810 241 3848 et
257 3801 324 3849 alios.
349 3803 410 3864 Sis,
429 3803 464 3850 sic
479 3811 586 3864 temere,
608 3802 643 3850 sic
669 3818 747 3866 pom,
764 3818 817 3850 casm
833 3800 932 3849 verbum
948 3799 1020 3849 verbo
1036 3815 1178 3864 supressum

141 3886 220 3949 male,
236 3895 266 3934 ut
281 3886 345 3951 apud
356 3887 450 3937 Terent.
458 3888 585 3937 Heautout.
594 3888 640 3950 lIl,
673 3895 884 3952 conspe-ratumque
900 3885 1057 3934 reddiderim.
1073 3885 1127 3934 Alio
1140 3896 1184 3935 tas

140 3986 163 4035 1,
182 3973 242 4022 40.”
265 3972 298 4020 De
322 3972 434 4038 colapho,
454 3972 567 4039 putabam
591 3990 640 4023 esse
672 3990 726 4021 men
743 3971 824 4020 ordine
837 3969 909 4019 verba
926 3969 1043 4020 collocant
1059 3971 1176 4021 editiones

142 4060 256 4109 Prisciani
269 4057 324 4107 dare
341 4059 507 4126 peccantibus,
523 4077 571 4109 non
582 4062 642 4111 acci·
673 4060 807 4124 principes,
823 4057 924 4105 Venetae
941 4055 1022 4106 amhae
1040 4068 1064 4107 et
1075 4057 1175 4108 Losche·
