2752 4844
492 411 552 471 Ab
583 412 799 474 PIFONES.
1100 412 1154 472 *99

165 613 258 685 Tibia
283 638 367 705 non,
390 622 433 684 nt
456 637 566 703 nuno,
590 613 758 684 orichalco
782 617 914 705 iuncta,
941 613 1111 708 tubaeque

133 847 214 902 eatur,
233 846 259 886 et
278 846 344 902 oret,
364 839 396 886 Ut
411 838 495 887 redeat
510 820 629 902 museus,
662 855 716 887 cum
729 840 816 886 maiore
825 847 892 903 parte
906 837 1093 887 membranarum
1105 841 1162 887 iuri-

133 928 205 973 uboat
233 927 344 973 Fortuna
372 927 500 989 superbis:
525 924 570 973 hoc
595 934 631 972 est
662 933 704 972 cta
720 925 872 990 praeferunt:
899 941 999 990 quorum
1016 935 1161 991 utrumque,

133 1020 244 1076 precetur
257 1020 282 1058 et
297 1020 349 1058 oret
365 1009 433 1073 deos,
455 1020 484 1058 ut
504 1011 630 1058 Fortunam
663 1020 711 1058 tam
724 1025 794 1058 sensu
808 1011 941 1074 consimile,
955 1027 1025 1076 quam
1038 1011 1162 1060 literarum

134 1095 164 1144 ad
176 1099 272 1145 miseros
288 1099 425 1160 remittant,
442 1113 455 1145 a
469 1096 577 1162 superbis
591 1113 632 1144 au·
665 1095 740 1144 ductu
747 1095 850 1144 videtur.
867 1096 934 1145 Tibia
941 1114 997 1146 vero
1005 1097 1079 1160 haec,
1093 1114 1163 1163 quam

134 1192 182 1229 tem
199 1193 340 1231 removeant.
364 1183 427 1230 Haeo
446 1199 502 1230 vero
520 1183 632 1248 cogitatio
664 1182 777 1246 simplici
793 1184 908 1246 opponit,
926 1198 955 1230 ex
971 1183 1043 1231 variis
1058 1184 1164 1231 materiis

134 1277 270 1316 aveterum
285 1270 394 1333 opinione
411 1277 447 1316 est
463 1267 549 1316 aliena.
572 1269 631 1315 For·
663 1269 796 1332 coraposito
812 1266 850 1314 vel
873 1265 928 1315 inde
947 1266 1102 1316 existimanda
1119 1277 1164 1316 est.

137 1361 198 1400 tuna
213 1355 264 1418 ipsa
280 1362 315 1401 est
331 1355 399 1416 Dea,
415 1370 484 1401 suum
494 1352 541 1401 sibi
557 1352 632 1401 habet
664 1353 779 1401 Malumus
794 1355 870 1419 igitur
890 1355 978 1402 iuncta
985 1375 996 1416 ,·
1021 1357 1070 1403 sive
1087 1355 1165 1402 ferru-

137 1439 253 1504 templum
267 1450 291 1487 et
305 1439 412 1488 cultum:
430 1441 481 1505 ipsa
497 1456 520 1488 v.
535 1456 555 1488 c.
575 1455 635 1504 gro-
667 1441 795 1502 minatam,
820 1441 868 1487 sive
890 1439 937 1487 alio
954 1438 1021 1488 modo
1043 1450 1122 1505 aptam
1139 1450 1165 1488 et

135 1533 187 1572 tutu
214 1527 283 1590 regit
306 1526 428 1588 Antium,
454 1535 479 1573 et
500 1526 633 1573 Praeneste.
669 1535 813 1589 compactam
829 1525 954 1590 intelligis.
972 1525 1063 1574 Plinius
1077 1528 1165 1574 Hister.

134 1611 219 1658 Romae
241 1627 288 1658 non
309 1627 383 1658 uuum
402 1619 453 1658 erat
477 1612 581 1658 numinis
598 1611 634 1658 fa·
666 1610 778 1672 xxxiii,
799 1611 824 1658 5.
850 1611 978 1658 Plautium
996 1613 1098 1676 nigrum
1114 1613 1167 1660 albo

135 1712 205 1758 num,
219 1697 338 1761 variisque
352 1695 486 1745 nominibus
494 1695 631 1758 colebatur,
664 1697 801 1760 iungitur,
818 1696 1035 1759 obstarequeollum
1043 1699 1095 1746 sibi
1107 1699 1166 1746 olea

135 1783 340 1843 eomeroutricis,
365 1784 503 1844 maeatis,
528 1782 633 1830 reducis.
667 1782 696 1829 Et
713 1781 801 1828 iterum
818 1781 926 1844 mu,
944 1784 983 1831 lo.
1006 1785 1084 1848 Iunge*
1098 1785 1169 1831 iuter

136 1870 211 1932 Quare
227 1884 295 1916 nemo
310 1867 349 1916 vel
360 1868 436 1916 Iovem
453 1877 590 1933 precaretur
605 1876 634 1916 ut
667 1883 693 1915 se
712 1868 839 1930 plumbum
859 1869 961 1932 nigrum
978 1869 1033 1916 siue
1051 1871 1105 1917 aldo
1120 1885 1169 1917 nou
1216 1914 1217 1917 ,

137 1956 239 2002 Fortuna
257 1952 335 2002 abiret
353 1971 395 2002 seu
410 1953 513 2016 rediret,
535 1952 577 2002 sed
597 1956 636 2018 up-
662 1960 761 2017 potest,
786 1968 829 2000 uec
845 1953 888 2000 boo
909 1954 934 2000 eu'
957 1955 1012 2001 siue
1033 1956 1089 2002 olco.
1123 1952 1168 2002 Ubi

138 2057 191 2088 oum
200 2042 343 2089 Fortunam.
357 2031 421 2088 Hanc
430 2041 571 2088 sententiam
579 2055 637 2088 nan·
668 2041 745 2105 iungi
763 2041 858 2104 accipe,
875 2039 1054 2100 feruminato.
1077 2041 1168 2105 Digest.

138 2129 265 2188 ciscemur,
288 2125 428 2174 scribentes:
454 2127 562 2188 Deosque
578 2140 637 2188 pre-
668 2125 711 2187 Vl,
725 2138 748 2187 1,
762 2127 803 2173 23.
819 2126 922 2172 Cassius
933 2126 1012 2189 diat,
1028 2129 1053 2174 si
1069 2134 1170 2175 statuae

137 2220 224 2274 cetur,
250 2219 276 2258 ct
295 2219 348 2259 oret
371 2211 403 2258 Ut
418 2211 503 2258 redeat
517 2211 633 2272 miseris,
666 2225 726 2257 suae
746 2209 961 2269 ferruminatiouo
979 2213 1091 2259 iunctum
1116 2213 1169 2259 dru-

138 2299 210 2345 ubeot
226 2298 336 2344 Fortuna
351 2297 477 2360 arpertus:
493 2305 546 2343 oret
560 2297 635 2360 ipsam
667 2296 750 2342 obium
768 2296 819 2357 su't,
840 2296 940 2343 unitate
960 2283 1064 2344 maioris
1081 2299 1169 2361 portis

140 2384 265 2431 Fortunam
275 2391 304 2430 ut
316 2382 405 2431 redeat.
422 2383 470 2430 Hoc
486 2382 550 2429 sacto
565 2382 637 2429 etiam
669 2380 786 2428 consumi.
804 2380 886 2446 virgil.
904 2380 982 2446 Fclog.
1000 2381 1029 2430 11.
1049 2383 1104 2430 Puu
1112 2383 1169 2446 pri·

140 2471 205 2535 prior
227 2468 299 2516 huius
314 2467 362 2515 loci
377 2461 431 2533 pars
444 2467 567 2515 meliorem
584 2482 637 2514 sen·
669 2482 724 2514 uus
739 2467 845 2514 caumes
858 2482 914 2514 reru
926 2468 1074 2533 coniungere
1082 2471 1171 2532 plures

140 2557 239 2604 tentiam
253 2555 368 2620 acquirit:
395 2554 488 2601 Chorus
503 2554 569 2601 Deos
579 2567 637 2616 pre-
670 2552 802 2600 Iustituit.
820 2553 848 2600 Et
862 2553 996 2618 Fclogalll.
1011 2561 1170 2617 outuuquam

140 2649 225 2702 cetur,
241 2639 287 2688 hoc
304 2649 353 2701 est,
377 2639 517 2704 religionem
536 2647 561 2686 et
578 2638 638 2685 Deos
672 2639 824 2698 tu'da'fistula
839 2641 997 2687 ccraquctu
1009 2639 1080 2699 fuit.
1104 2641 1171 2688 lotu-

139 2737 280 2788 veneretur‚
305 2723 377 2790 idque
393 2723 509 2772 faciendis
529 2721 640 2788 precibus
672 2738 714 2770 nes
727 2721 844 2770 Saresber.
859 2723 951 2789 Prolog.
961 2724 1003 2787 vl,
1018 2725 1090 2773 Polie.
1104 2725 1171 2773 Nam

141 2810 254 2859 declaret.
287 2810 342 2857 Fuit
357 2809 402 2856 hoo
422 2809 520 2855 initium
536 2807 640 2873 philoeo-
661 2809 728 2870 .quis
743 2823 759 2854 u
772 2809 929 2872 semipagano
945 2811 1033 2857 tibiam
1050 2811 1171 2858 oriclroleo

141 2895 212 2960 plaiae
233 2893 300 2943 illius
323 2894 500 2958 paraeneticae,
521 2902 639 2941 servatum
670 2893 782 2940 iunctum
798 2900 825 2940 et
836 2896 956 2942 aemulam
970 2896 1041 2943 tuboe
1052 2896 1171 2960 grundio·

141 2996 235 3046 quoque
252 2977 424 3042 aTheognide.
442 2973 522 3034 Θεοῖς
539 2976 636 3042 εὔχου,
670 2979 709 3040 ris
728 2977 877 3045 neumarum?
900 2979 957 3028 Vide
973 2979 1004 3028 ad
1026 2980 1099 3030 Germ.
1121 2981 1170 3044 111,

143 3049 179 3114 ὧν
201 3064 259 3115 ἐστὶ
276 3065 346 3127 μέγα
368 3064 471 3129 κράτος.
497 3062 584 3111 Auctor
600 3063 640 3111 Di·
671 3077 726 3126 m,
744 3066 783 3115 17.
800 3064 959 3115 BENTLEIFS.

142 3151 286 3212 sueborum,
303 3167 364 3215 quae
377 3151 471 3197 nomine
483 3149 591 3216 Dionysii
598 3149 639 3197 Ga-
678 3180 680 3184 ⁴
702 3150 735 3197 lte
752 3151 947 3200 ferruminatione
964 3168 1007 3216 per
1022 3152 1167 3202 orichalcum

143 3240 204 3286 tonis
226 3239 354 3298 ferturtur,
379 3237 562 3301 interpretatur:
588 3237 641 3283 Deo
672 3252 719 3283 non
744 3234 843 3284 consta't.
868 3237 897 3283 Et
913 3253 996 3302 pamm
1017 3240 1077 3287 scire
1093 3239 1169 3287 refert

144 3326 263 3388 supplico.
288 3321 326 3371 lbi
346 3319 462 3369 videndus
486 3330 522 3368 est
542 3337 640 3386 magnus
673 3319 810 3382 metallum,
825 3337 871 3386 quo
880 3320 940 3371 tibia
953 3324 985 3371 sit
1001 3324 1170 3385 ferruminati,

143 3408 255 3475 Scaliger.
277 3411 306 3456 Et
321 3408 366 3455 hoc
383 3416 434 3455 erat
449 3423 534 3455 munus
548 3416 573 3455 et
588 3407 639 3455 offi·
671 3407 719 3453 nisi
733 3405 797 3454 illud
819 3407 943 3457 metallum
965 3410 1039 3458 faciat
1054 3408 1084 3456 ad
1104 3423 1170 3455 orna-

144 3496 206 3542 cium
223 3494 305 3557 chori,
321 3503 350 3541 ut
365 3494 424 3541 Deos
440 3490 556 3558 precando
571 3507 642 3540 vene·
673 3501 726 3539 tum
749 3491 788 3539 vel
812 3509 893 3541 sonum
913 3475 987 3542 tibiae
1001 3482 1172 3542 vcommendan-

144 3590 250 3642 ruretur,
266 3581 392 3643 universe,
415 3594 495 3626 eorum
511 3577 641 3643 potentiam
674 3576 738 3626 dum.
756 3577 858 3644 Utraque
875 3596 911 3627 res
928 3582 953 3628 in
977 3579 1172 3628 ferruminatione

146 3674 171 3713 et
183 3664 299 3714 beneficia
312 3665 434 3727 laudaret,
451 3663 551 3730 hymnos
563 3672 643 3711 eanu-
675 3663 801 3712 intellectu
824 3663 889 3712 band
904 3666 939 3713 ita
958 3664 1045 3713 facilis.
1070 3660 1174 3711 Orichal-

63 3772 66 3791 ι
146 3760 183 3799 ret
199 3767 282 3799 sacros.
304 3751 342 3798 Sic
357 3750 442 3815 religio
456 3759 481 3797 et
496 3751 550 3814 pius
562 3764 643 3796 sensus
676 3765 729 3797 cum
745 3752 832 3811 unice,
849 3749 933 3811 credo,
958 3750 1063 3813 pertinet
1086 3745 1117 3794 ad
1137 3763 1174 3794 or·

146 3836 317 3904 spectatoribus
332 3833 545 3884 commendabatur.
675 3844 765 3882 natum.
787 3833 826 3882 Sic
847 3836 910 3883 etin
923 3832 978 3881 aliis
993 3831 1065 3880 huius
1081 3831 1174 3881 metalli

181 3924 255 3971 Titia
280 3938 344 3983 aon,
368 3929 399 3969 ut
419 3936 495 3983 uuna,
521 3921 642 3968 medulco
674 3918 802 3984 exemplis,
820 3927 844 3965 et
857 3920 883 3965 in
896 3917 940 3965 hoc
954 3919 1004 3983 ipso
1016 3918 1108 3967 Horatii
1122 3935 1173 3967 cer-

147 4011 240 4056 oincto.
274 4005 338 4054 lllud
367 4008 452 4053 oiruta
475 4003 645 4054 recentioribus
677 4006 752 4054 nitur.
769 4001 836 4050 Tibia
849 4002 906 4052 olim
920 4013 970 4051 erat
986 4004 1065 4053 tenuis
1082 4015 1106 4052 et
1119 4006 1174 4053 sim·

148 4097 221 4159 magis
237 4093 344 4159 placuit;
362 4101 388 4140 at
404 4090 519 4141 editiones
537 4100 644 4140 vetustae
678 4090 748 4154 plex,
774 4105 837 4138 nunc
858 4088 975 4138 orichalco
998 4091 1094 4153 iuncta,
1116 4090 1173 4138 olim
