2752 4844
190 396 248 457 192
448 395 661 456 uouffll
692 396 936 457 EPISTULA

192 596 238 667 At
261 599 367 667 nostri
390 598 506 691 proavi
531 595 704 666 Plautinos
729 605 763 666 et
786 619 945 667 numeros
970 606 1004 666 et
1119 606 1206 670 270.

194 715 385 786 Laudavere
406 715 507 800 sales;
531 716 674 783 mnrium
698 716 862 808 patienter
881 725 1086 808 utrumque,
1118 725 1204 787 271.

133 877 137 886 ·
192 835 241 905 Ne
262 833 370 903 dicam
393 833 516 922 stulte,
541 833 669 919 mirati3
695 833 722 901 si
745 833 845 902 modo
870 857 933 926 ego
954 845 989 905 et
1011 858 1072 906 ros
1120 845 1205 908 272.

191 952 323 1023 Scimus
347 950 553 1022 inurbanum
579 949 690 1044 lepido
714 973 875 1046 seponere
897 951 1010 1043 dioto,
1119 961 1206 1024 278.

189 1069 458 1165 legitimumque
480 1093 601 1140 sonum
620 1068 733 1163 digitis
757 1069 920 1140 callemus
940 1080 976 1142 et
994 1096 1086 1144 aure.
1117 1081 1204 1147 274.

668 1265 730 1336 lv.

190 1392 347 1500 ignotum
372 1407 517 1498 tragicae
537 1427 644 1497 genus
665 1407 826 1476 iuvenisse
847 1406 1010 1478 Camenae
1117 1417 1202 1481 275.

188 1525 338 1614 Dicitur,
362 1535 396 1594 et
414 1524 573 1617 plaustris
592 1525 717 1593 vexisse
740 1527 894 1618 poe‘matn
919 1526 1078 1620 Thespis,
1117 1536 1202 1600 276.

188 1642 282 1732 Quae
303 1652 459 1713 canerent
476 1650 680 1736 agerentque
695 1645 851 1734 peruncti
864 1643 1013 1715 faecibus
1029 1669 1098 1717 ora.
1117 1654 1201 1718 277.

180 1762 268 1832 ‘Post
287 1763 380 1831 hunc
395 1784 556 1856 personae
576 1761 754 1854 pallaeque
769 1771 923 1856 repertor
940 1762 1099 1835 honestae
1116 1773 1200 1835 278.

189 1879 397 1974 Aeschylus,
421 1888 456 1949 et
480 1878 618 1948 modicis
642 1880 795 1948 instravit
819 1879 953 1976 pulpita
973 1883 1091 1976 tignis,
1118 1890 1202 1956 279.

187 1998 229 2067 Et
244 1999 360 2068 docuit
381 2020 610 2090 magnumque
631 1995 726 2089 loqui
750 1998 880 2090 nitique
902 1999 1081 2070 cothurno.
1115 1994 1201 2074 288.

178 2116 355 2187 'Successit
376 2124 473 2186 retus
496 2113 549 2183 his
568 2112 763 2204 Comoedia,
788 2139 858 2185 non
879 2117 949 2186 sine
970 2117 1077 2186 multa
1114 2129 1200 2190 281.

188 2233 321 2325 Laude,
346 2233 463 2304 sedin
488 2233 607 2301 vitium
631 2230 767 2302 libertas
788 2233 912 2304 excidit
934 2246 969 2305 et
990 2236 1058 2305 vim
1116 2248 1200 2309 282.

187 2353 330 2446 Dignam
350 2352 424 2444 lege
448 2351 534 2443 regi:
555 2349 609 2419 lex
630 2358 682 2420 est
701 2361 856 2445 accepta,
880 2352 1073 2448 chorusque
1117 2366 1200 2428 288.

178 2617 328 2684 Quintiliani.
346 2619 423 2665 Bonus
440 2624 511 2679 poeta
530 2615 602 2662 metri
621 2613 675 2678 lege
742 2617 840 2663 Scimus
847 2619 1082 2683 inurdoatumlepido
1093 2635 1208 2684 reperim

177 2721 225 2752 non
238 2705 338 2769 cogitur.
351 2703 462 2749 Horatius
470 2716 564 2748 versum
571 2701 606 2747 ita
614 2715 676 2747 com-
707 2700 783 2749 dicto.
807 2701 835 2748 In
850 2713 931 2751 vetere
952 2703 1058 2753 editione
1074 2721 1145 2754 mauu
1160 2707 1209 2755 riri

178 2806 265 2855 ponere
294 2790 421 2855 potuisset:
459 2788 504 2834 Vos
523 2786 675 2848 exemplaria
706 2785 770 2834 docti
784 2797 923 2836 annotatum
944 2791 1025 2839 inveni
1044 2791 1125 2854 lepido
1134 2799 1207 2856 port-

179 2878 273 2924 Grueca
303 2876 335 2923 In
362 2875 476 2920 mnino
499 2879 596 2918 veram
617 2872 674 2918 dics
700 2887 791 2936 potiere
806 2872 881 2923 dicto.

176 2969 317 3023 noctesque,
331 2961 443 3006 Pisones.
458 2957 571 3021 Virgilius
579 2966 671 3004 autern:

176 3048 242 3095 Atra
256 3047 312 3093 dics
326 3052 453 3107 noctesque
461 3049 673 3106 potentpenetrc·
932 3047 973 3096 Π,

177 3134 215 3180 lio
229 3133 312 3180 Ditis.
329 3132 357 3177 Et
372 3128 432 3195 quid
447 3128 580 3175 Ciceronem
596 3143 674 3175 move—

176 3215 220 3265 bat
240 3225 269 3263 nt
284 3213 398 3264 scriberet
418 3214 443 3275 Ι,
458 3215 489 3260 61
512 3211 541 3260 de
562 3212 672 3260 Oratore:
724 3215 837 3277 Origoet
843 3231 993 3280 progressus
1000 3221 1152 3285 Tramas„
1163 3230 1190 3271 η

80 3342 85 3351 .
176 3303 209 3351 In
232 3302 275 3349 hoc
289 3317 337 3348 uno
352 3315 438 3363 opero,
462 3306 492 3345 ut
514 3300 555 3345 ita
575 3297 672 3359 dicum,
739 3298 879 3348 Concordiae
891 3303 957 3365 apud
970 3305 1076 3352 Graecos
1087 3307 1174 3355 celto·

65 3380 72 3451 Ἰ
176 3395 260 3436 noctes
277 3393 304 3433 et
320 3386 375 3433 dier
394 3380 536 3448 urgeatur?
556 3382 621 3431 Idem
644 3382 674 3431 de
754 3397 846 3432 omnm.
860 3386 1158 3440 Ronroniticetr'umnon

177 3473 273 3522 Oratore
280 3472 317 3533 11,
326 3473 372 3532 39,
387 3471 478 3517 variato
488 3467 582 3516 ordine:
600 3468 672 3516 Arsi-
785 3471 852 3518 satis
867 3487 940 3519 cruce
952 3473 1124 3524 adhibuerat.

176 3556 472 3620 &sumopereenndem
486 3554 598 3602 incudem
606 3555 671 3600 diem

176 3653 316 3707 noctemque
328 3643 496 3690 tundentibus.
517 3640 598 3705 Neque
614 3637 671 3686 ordo
735 3640 862 3688 lustravit
871 3645 974 3706 pulpita
997 3646 1088 3711 rigule.
1111 3645 1140 3694 ln
1156 3646 1207 3698 18.

176 3731 220 3780 ille
236 3728 351 3779 naturalis
369 3729 394 3777 in
410 3735 466 3775 ortu
479 3737 608 3787 occasuqrw
623 3725 673 3771 fuit
704 3723 819 3790 tlaming.
841 3729 967 3776 irurravit
977 3732 1082 3794 pulpito
1098 3733 1209 3798 linguis.

177 3815 321 3865 sufflatus.
338 3811 519 3878 Dixiquaednm
528 3827 556 3858 ea
571 3808 600 3857 de
609 3826 634 3856 re
647 3811 674 3856 in
737 3811 769 3858 Iu
792 3813 886 3859 vitium
909 3815 1013 3864 libertus
1042 3818 1147 3867 eccidit.
1176 3819 1211 3873 N.

175 3901 385 3951 Bihttorhffiririea
392 3896 671 3961 Novatoldtfflagm.
704 3895 814 3943 Heinsius
830 3899 932 3947 coniecit
943 3901 1045 3950 recidit.

207 3987 243 4036 At
255 3987 338 4034 nostri
344 3986 443 4050 prom.
459 3984 488 4032 ln
495 3981 549 4031 eod.
563 3979 673 4031 Dttrvill.
739 3982 877 4046 Chontsque
885 3986 1005 4048 Turpiter
1012 3988 1127 4036 obticuit.
1142 3991 1207 4036 Tw-

178 4063 212 4122 Ut
222 4073 305 4120 metri
316 4073 414 4135 prom.
703 4068 789 4130 piter,
802 4077 831 4116 nt
843 4069 902 4118 mali
915 4069 1022 4120 homines
1033 4074 1141 4136 faciunt,
1156 4089 1207 4123 nou
