2752 4844
504 394 563 453 Ali
595 393 813 454 PISONES.
1061 426 1064 432 ·
1131 397 1169 458 83

179 599 294 691 Signat
315 598 478 682 humum,
505 597 602 687 gestit
626 595 765 689 paribus
791 597 978 688 colludere,
1003 605 1037 668 et
1058 600 1143 668 iram

147 820 255 868 dicatur:
282 828 397 868 certaturis
418 820 479 866 enim
501 828 525 865 et
546 821 645 866 mobilis
677 818 746 867 docet
766 819 876 868 Horatius
898 820 968 869 aliam
993 838 1042 870 esse
1067 832 1176 870 naturam

147 916 203 954 sunt
219 907 334 971 opposita.
354 905 433 953 Cicero
446 920 488 969 pro
502 905 588 968 Quinto
601 904 646 951 Ro·
679 907 764 969 pueri,
781 907 889 968 iuvenis,
908 908 971 968 viri,
993 909 1076 957 senis?
1097 909 1178 958 Nonne

147 993 212 1053 scio,
235 1008 286 1056 cap.
302 993 341 1039 16.
370 991 443 1038 Verrii
463 991 496 1037 ud
516 990 646 1037 Cluvium:
678 989 718 1038 hic
735 1000 820 1038 natura
838 1007 891 1039 oum
907 992 974 1040 unnis
991 991 1085 1041 mobilis
1103 995 1179 1044 estl'”

148 1092 217 1140 quem
236 1074 377 1125 bominem?
402 1073 502 1124 leuem?
526 1078 576 1123 imo
587 1091 647 1140 gru·
679 1075 782 1123 Minime.
800 1076 895 1140 Medea,
912 1088 941 1125 ut
957 1077 1001 1128 hoe
1017 1082 1180 1142 utar,·iama

148 1165 293 1212 vissimum:
308 1159 444 1211 mobilem?
465 1164 515 1209 imo
539 1169 650 1209 cousum-
683 1163 771 1209 tcneris
796 1163 863 1210 annis
885 1164 934 1211 fuit
956 1165 1024 1212 ferox
1042 1175 1066 1212 et
1082 1165 1180 1214 invicta.

150 1252 293 1298 ciseiumm:
311 1244 495 1309 familiarem?
519 1249 568 1294 imo
588 1249 650 1294 ulie·
681 1248 799 1296 Feroniam
825 1249 927 1297 servavit
956 1248 1062 1312 nubilis,
1091 1260 1182 1314 mater,

149 1338 288 1384 uissimum.
321 1336 380 1398 Ergo
408 1335 446 1381 uti
469 1335 565 1381 moturi
588 1335 650 1380 aurei
681 1332 805 1395 anus,nbi
813 1344 958 1382 senectutem
967 1336 1084 1400 attigerit.
1095 1336 1184 1384 Natura

149 1431 294 1470 constantem
312 1430 337 1468 et
352 1420 451 1467 senilem
468 1429 588 1481 aetatem,
614 1421 649 1467 ita
681 1420 768 1467 mansit
789 1419 878 1468 eadem.
904 1419 950 1469 Sed
966 1420 1029 1486 qnod
1045 1423 1120 1470 feroci
1136 1423 1184 1483 lle3

148 1509 248 1556 mobiles
260 1507 377 1573 puerilem
390 1505 566 1570 iuvenilemque
581 1504 652 1553 deno·
684 1504 742 1553 deae
764 1507 855 1553 infanti
879 1506 984 1570 placuit,
1012 1507 1075 1572 quod
1093 1506 1185 1555 nubilis

149 1604 209 1643 tant.
226 1594 309 1658 virgil.
319 1593 404 1656 Georg.
414 1590 527 1653 111,‘165.
544 1593 599 1639 Iam
612 1592 650 1637 oi-
683 1591 761 1638 secere
778 1589 886 1653 amabat,
901 1607 947 1656 quo
961 1602 1037 1639 mater
1051 1581 1186 1641 delectaba-

150 1682 215 1728 tuloe
232 1681 348 1740 borbore,
373 1679 485 1740 muneque
501 1678 594 1724 insiste
611 1676 650 1723 do·
682 1685 723 1723 tur
744 1675 865 1741 quotidie,
888 1674 948 1724 haec
968 1693 1020 1724 cum
1038 1686 1116 1725 uetate
1134 1694 1185 1726 mu-

148 1766 235 1813 muudi
240 1801 247 1828 ,
260 1766 327 1812 Dum
330 1764 425 1824 faciles
433 1763 515 1809 animi
521 1764 648 1823 iuuenum,
682 1759 803 1809 tabantur.
820 1759 986 1824 Characterea,
1002 1762 1084 1827 quales
1098 1761 1186 1811 descri-
1253 1754 1255 1762 ¹

150 1853 207 1899 dum
219 1852 318 1898 mobilis
331 1857 408 1897 aetus.
418 1849 493 1913 Atque
507 1847 569 1895 hanc
584 1848 650 1912 equi·
682 1849 730 1912 psit
743 1846 930 1912 Theophrastus,
947 1847 1101 1910 κολακείας,
1117 1848 1186 1897 ἀδο-

150 1936 203 1985 dem
222 1935 409 1984 emendationem
423 1935 470 1981 iam
484 1933 540 1981 olim
554 1950 583 1980 ex
597 1949 650 1980 oon·
684 1931 809 1996 λεσχίας,
837 1934 990 1999 ἀγροικίας,
1018 1934 1186 2002 βδελυρίας,

150 2025 242 2070 iectura
259 2023 374 2077 feceram3
398 2029 479 2084 postea
495 2035 550 2066 vero
566 2028 649 2089 nactus
681 2017 817 2066 hominibus
832 2020 924 2082 innati,
941 2037 988 2069 non
1003 2020 1122 2070 delentur.
1140 2021 1188 2089 Au:

149 2103 325 2173 vigorniensem
348 2104 468 2166 codicem,
494 2113 522 2151 ut
537 2104 605 2166 vidi,
626 2113 654 2151 ut
687 2113 738 2151 otor
747 2104 777 2152 ad
790 2106 933 2154 Herennium
947 2106 1039 2168 mol.
1056 2108 1125 2165 Quid
1131 2124 1188 2173 ego,

151 2194 283 2242 delectatus
300 2208 365 2252 sum,
383 2206 436 2237 oum
453 2193 516 2236 inter
530 2189 605 2236 lineas
618 2186 654 2236 ibi
686 2203 746 2250 queo
762 2190 849 2236 deindo
862 2190 1190 2253 efficiut,ouurrem?Eius·

151 2296 194 2345 pro
207 2280 272 2326 varia
286 2277 388 2324 lectione
402 2273 546 2338 adscriptum
560 2274 651 2338 reperi,
684 2274 751 2320 modi
766 2281 805 2321 ost
821 2275 930 2323 bominis
946 2285 1051 2339 nutura,
1066 2286 1109 2340 ut,
1128 2294 1190 2341 quoe
1207 2302 1209 2308 ·

153 2365 249 2412 »Aliter
263 2363 399 2411 umturis.”
417 2359 495 2408 Godici
508 2361 583 2424 igitur
596 2359 653 2407 huic
685 2360 798 2423 cingulis
814 2360 899 2408 diebus
914 2361 1005 2424 ffoiot
1014 2365 1100 2428 glorio
1116 2372 1191 2428 atque

151 2452 222 2500 fidem
239 2449 343 2511 habeat,
361 2448 404 2513 qni
419 2446 564 2512 argumentis
580 2455 654 2492 etra-
686 2447 865 2507 ostentatione,
883 2462 912 2494 eu
928 2449 973 2495 oie
989 2464 1069 2496 uuuuo
1082 2466 1190 2498 remoue
1266 2496 1268 2502 ,

151 2537 257 2587 tionibus
283 2532 338 2583 duci
364 2549 411 2581 non
436 2541 523 2597 potest.
549 2531 611 2594 Quin
628 2540 652 2578 et
685 2546 802 2579 euurrure
819 2534 923 2596 possim.
947 2531 1099 2584 Huiusmodi
1119 2545 1189 2585 uotu-

152 2625 209 2672 olim
229 2625 292 2670 inter
317 2620 459 2669 Scholiastas
475 2626 542 2666 erant
559 2617 602 2681 qui
618 2618 652 2664 aio
686 2619 780 2678 tiones,
798 2633 859 2680 quoe
876 2619 1035 2683 describunt,
1060 2623 1122 2683 quid
1136 2639 1189 2671 cou-

152 2711 277 2776 legerent,
294 2717 322 2754 ut
340 2723 369 2754 ex
388 2705 472 2753 laceris
485 2703 535 2751 illis
547 2701 657 2769 reliquiis
689 2710 832 2750 centaurum
853 2705 892 2751 sit
907 2706 1100 2770 uniuscuiusque
1117 2715 1191 2756 uotu-

153 2795 258 2843 divinare
271 2793 351 2858 possis.
364 2788 653 2852 EnarratorCruquianus:
688 2802 747 2848 rue,
778 2789 930 2836 veliementer
959 2791 1048 2838 luberet
1075 2807 1191 2858 magum

155 2880 303 2927 ,Natum
322 2875 389 2923 aliud
408 2873 471 2920 enim
492 2887 593 2936 puerum
611 2870 655 2919 de·
687 2868 986 2924 mercationem'roram
997 2879 1063 2924 euim
1073 2875 1190 2926 mulurum

155 2974 209 3026 cet,
225 2961 294 3010 aliud
309 2960 496 3019 adolescentem,
518 2955 585 3004 aliud
601 2973 654 3004 ma·
685 2959 826 3022 cuiuspiam
842 2966 940 3022 ponunt
956 2968 1015 3009 aute
1032 2965 1124 3026 oculos,
1144 2971 1190 3013 aut

154 3061 235 3100 tm
251 3050 357 3097 genem?
373 3045 458 3093 Acron:
474 3041 653 3104 »Puero‚udo-
681 3045 806 3108 gloriosi,
832 3052 878 3092 uui
895 3046 994 3109 invidi,
1020 3056 1066 3096 uui
1083 3038 1189 3116 timidi,

154 3137 267 3198 lescenti,
284 3144 309 3181 et
325 3143 417 3181 maturo
434 3132 484 3179 seni
501 3129 544 3194 (sic
552 3128 597 3177 MS.
609 3145 656 3176 non
689 3137 735 3178 aut
761 3131 851 3192 avari,
883 3133 1024 3197 malim,
1051 3138 1189 3200 “malma

155 3223 219 3287 me)
236 3223 268 3271 τὸ
286 3220 407 3286 πρέπον,
427 3216 453 3264 id
469 3226 520 3279 est,
547 3215 656 3263 decorum
690 3216 832 3279 lumriosi,
854 3217 945 3281 suris,
979 3221 1191 3285 quadruplatoris.
1263 3253 1268 3263 ·

155 3312 241 3375 eoique
266 3307 388 3373 Proprium
412 3301 565 3352 tribuendum
593 3302 656 3348 est.”
688 3300 753 3348 Talia
770 3311 825 3349 sunt
841 3302 980 3353 Horatiano:
1006 3294 1138 3354 Naturam
1150 3323 1190 3355 ea-

156 3396 280 3456 profecto,
297 3394 340 3458 qui
356 3390 416 3438 haec
430 3388 580 3437 commentati
589 3394 657 3448 suut,
685 3388 769 3450 pellas
777 3387 872 3451 suroa,
899 3395 980 3438 tumen
996 3407 1072 3454 usquo
1088 3393 1190 3442 redibit.

155 3498 202 3529 non
218 3477 334 3539 maturio,
351 3474 392 3524 scd
407 3474 515 3522 maturis
531 3474 653 3536 interpre-
685 3472 898 3536 et200elum,uon
905 3478 1016 3524 animum
1025 3465 1137 3541 mulunt,
1147 3480 1205 3542 qui-

156 3569 203 3615 Μή
213 3568 265 3615 ime
276 3564 410 3614 videantur,
425 3561 474 3608 Iam
486 3568 577 3621 antem,
587 3574 658 3623 prae·
692 3565 764 3605 truria
777 3574 844 3608 mure
859 3570 973 3611 curmae.
988 3573 1013 3611 et
1025 3562 1189 3628 proverbium:

155 3663 193 3699 ter
209 3652 340 3700 sententiae
356 3643 487 3707 uirtutem,
506 3644 576 3692 etiam
589 3659 654 3691 com·
687 3644 770 3708 Limus
787 3647 885 3710 pilum,
907 3663 956 3695 um
971 3649 1081 3696 animum
1097 3657 1190 3700 mutat.

156 3739 297 3803 positionem
320 3735 365 3783 hoo
391 3743 460 3799 pacto
482 3728 611 3778 dulciorem
632 3739 656 3777 ct
689 3729 763 3778 Iocus
777 3727 856 3796 ⁴igitur
870 3743 995 3798 corruptus
1012 3743 1061 3796 est,
1077 3719 1193 3785 otuelu-

156 3821 293 3872 nitidiorem
306 3836 366 3882 esse,
385 3820 427 3884 qui
440 3833 520 3866 aurem
532 3824 656 3881 purgatam
690 3831 733 3863 roe
745 3818 846 3865 mobiles
861 3817 909 3866 huc
926 3820 1022 3867 minime
1040 3821 1141 3872 fuciunt·
1164 3822 1193 3872 In

156 3909 247 3970 habet,
269 3907 340 3955 facile
362 3913 479 3970 agnoscet.
496 3901 655 3950 BENTLEIVS.
689 3901 750 3950 MSS.
773 3901 833 3951 haec
852 3905 957 3952 cernitur
973 3906 1088 3971 uarietas,
1105 3919 1134 3957 ut
1149 3909 1193 3975 pro

190 3995 302 4044 Naturae
315 3992 408 4040 mirera
422 4004 538 4054 quoquam
552 3988 655 4052 potuisse
688 3986 818 4034 mobilibus
839 3987 929 4036 alicubi
949 3991 1084 4055 reperiatur
1105 3996 1194 4044 mobili-

147 4080 264 4132 ¹defendi,
282 4079 396 4126 Gemma
412 4084 490 4140 rogat:
508 4073 608 4121 »Nonne
621 4071 660 4122 hio
694 4074 753 4134 buo,
775 4074 800 4120 io
818 4089 864 4120 uno
880 4073 990 4125 Leidensi
1004 4080 1147 4142 mobilibus,
1169 4081 1195 4128 in
