2752 4844
502 397 561 457 AB
592 397 808 458 Plsottus.

180 599 308 694 Arguet
325 597 481 692 ambigue
504 597 652 691 dictum,
678 599 837 669 mutanda
862 597 1010 684 notabit3

146 819 345 886 xerit,‘Hdooo)
362 821 561 887 elioentdpvqe
575 821 643 883 oty—
676 821 740 869 lente
764 820 886 870 lamberet>
909 823 1073 887 Pergatvero,
1095 824 1116 870 si
1130 838 1169 870 vo-

146 907 258 969 pntorin
272 908 328 957 ἒστὶ
337 907 449 974 πρόνοια
463 905 558 966 οὐδὲν,
575 922 643 972 scop-
675 906 724 967 let,
747 916 785 970 et,
810 907 873 972 quod
896 907 1007 956 ultimum
1025 906 1128 957 invidiae
1144 918 1170 956 et

146 1012 192 1058 νης
209 994 314 1057 δόγμα,
331 994 459 1058 (Voluptas
471 1009 590 1041 summum
606 995 644 1040 do-
675 992 750 1040 telum
769 1002 793 1040 et
806 995 942 1058 perfugium
964 1004 1013 1056 est,
1027 994 1169 1059 plagiarium

144 1095 215 1143 amm,
241 1082 382 1128 meretricia
406 1080 504 1144 deffleat,
530 1095 578 1126 non
602 1085 640 1126 est
672 1095 709 1126 me
722 1078 857 1141 insimulet,
874 1089 902 1127 ut
919 1089 943 1127 et
958 1080 1032 1127 lleroa
1046 1081 1094 1128 τὸν
1115 1097 1171 1138 μα-

139 1165 301 1230 proca'denta'a
315 1167 394 1227 achil,
419 1166 560 1213 meretricia
584 1164 642 1228 dog·
674 1165 786 1230 καρίτην
818 1164 963 1213 Ezechielem
991 1164 1170 1231 spanhemium.

144 1250 194 1315 mu)
211 1268 264 1299 cum
282 1260 352 1300 antea
372 1268 415 1316 pro
431 1251 543 1316 πρόνοια
559 1250 641 1314 inepte
673 1251 702 1297 Et
723 1251 759 1298 las
780 1249 876 1316 quidem
892 1249 932 1298 hic
950 1260 1012 1298 esset
1035 1250 1168 1316 indignam

144 1335 273 1385 haberetur
289 1337 410 1403 πορνεία.
434 1337 506 1401 Atqui
524 1337 600 1397 scias,
626 1353 639 1383 o
671 1337 718 1384 uisi
738 1338 785 1384 iam
801 1338 897 1402 utrique
914 1346 1018 1384 nostrum
1042 1338 1099 1385 satis
1114 1353 1170 1402 aup-

143 1420 273 1485 Zen'odote,
295 1425 343 1471 iam
355 1421 386 1470 ab
402 1423 470 1470 annis
482 1420 596 1469 tredecim
611 1423 637 1469 in
669 1421 738 1486 plicii
751 1420 861 1471 dedisset.
878 1422 936 1471 Nam
944 1421 1007 1488 quod
1021 1438 1100 1470 rursus
1108 1438 1168 1470 novo

143 1508 231 1573 scripto
246 1508 344 1573 Anglico
359 1509 438 1555 verius
446 1506 505 1555 haec
520 1507 640 1554 concinni·
672 1505 756 1554 libello
772 1524 809 1555 me
831 1507 928 1572 oblique
944 1509 1076 1572 impetivit,
1099 1518 1124 1556 et
1139 1517 1169 1556 ut

143 1610 217 1660 usque
231 1611 246 1643 a
262 1611 300 1642 me
317 1592 440 1642 emendata
456 1610 513 1642 ease.
538 1593 596 1640 Nam
612 1601 640 1640 ut
672 1593 733 1641 alter
748 1595 826 1641 neseio
843 1595 907 1658 quis;
925 1604 1026 1659 uterque
1042 1610 1098 1641 sane
1112 1611 1168 1658 ope-

140 1679 243 1728 scabiem
275 1679 385 1728 dictionis
417 1677 558 1740 condonem,
588 1676 637 1725 οὐκ
669 1694 720 1726 ram
736 1688 760 1725 et
776 1676 854 1726 oleum
871 1677 1037 1743 perdideruntz
1063 1677 1167 1727 noudum

141 1765 198 1815 dori
220 1766 333 1832 πρόνοια
355 1763 456 1820 odoin-
480 1781 534 1812 cum
555 1765 640 1829 passim
672 1765 734 1811 enim
748 1780 828 1811 eorum
843 1766 905 1812 ictus
919 1767 980 1812 tanti
993 1766 1068 1827 facio,
1084 1774 1113 1812 ut
1121 1765 1167 1812 ite·

141 1851 191 1900 οὐκ
217 1842 287 1901 sicus
315 1851 444 1916 πρόνοιαν
472 1851 637 1914 Epicureorum
669 1866 721 1897 rum
735 1865 749 1896 a
765 1866 802 1897 me
818 1849 940 1915 vapulent.
964 1852 1047 1898 Multo
1062 1851 1167 1898 maioris

141 1935 225 2001 dogma
238 1938 332 1998 veniat,
351 1952 428 2001 neque
445 1934 542 1983 caudam
558 1933 638 1983 trahat
669 1949 759 1983 mecum
775 1936 871 2000 colaphi
890 1943 1002 1985 veneunt.
1028 1935 1167 1984 Praesertim

142 2021 237 2072 aridio:
252 2021 339 2070 falsum
352 2023 445 2069 omniuo
454 2030 489 2068 est
503 2022 638 2069 meretrices
670 2037 724 2068 cum
740 2037 779 2069 eos
792 2023 855 2070 corio
871 2038 920 2069 esse
933 2020 1024 2070 videam
1039 2036 1167 2086 supraem-

140 2107 311 2173 providentiam
322 2107 418 2166 tollere;
434 2104 636 2154 cuminomuibua
668 2123 710 2154 nes
724 2107 826 2154 Gomicos
842 2123 919 2155 servos
935 2123 1010 2156 crasso
1029 2117 1053 2155 et
1069 2105 1100 2154 ad
1116 2105 1168 2171 pla-

139 2193 267 2242 Comoediis
278 2194 363 2241 Veneri
371 2194 502 2257 ceterisque
516 2192 634 2255 Deis,pa·
667 2207 708 2255 gas
722 2194 864 2250 exercitat03
883 2194 945 2240 sicut
963 2191 992 2240 ah
1009 2194 1067 2256 ipsis
1083 2191 1166 2256 flagris

139 2282 199 2327 riter
214 2289 243 2326 ut
256 2287 375 2326 matronae
383 2277 474 2339 solent,
490 2285 545 2324 vota
554 2285 636 2323 etrem
668 2277 757 2323 animos
770 2275 856 2324 ducere
871 2275 1010 2339 videantur,
1028 2286 1053 2324 et
1065 2278 1165 2324 ferocio-

139 2363 243 2413 divinam
256 2365 354 2412 faciant.
378 2361 440 2427 Quid
461 2360 524 2427 quod
546 2362 571 2408 in
586 2369 637 2409 tota
669 2377 707 2409 res
722 2362 777 2410 r'nox
798 2360 920 2426 prodeant.
952 2360 1082 2410 Adeoaut
1102 2360 1166 2409 nihil

138 2449 197 2512 hac,
214 2449 252 2497 vel
265 2459 293 2496 ut
306 2465 369 2497 nuuc
383 2448 523 2512 corrigitur,
540 2456 634 2494 senten·
666 2448 786 2509 sentiunt,
800 2457 856 2509 aut,
874 2447 937 2513 quod
950 2447 1014 2495 haud
1033 2448 1108 2495 minor
1127 2457 1168 2495 est·

138 2537 172 2584 tia
187 2534 248 2584 nihil
261 2544 386 2599 argutum,
402 2531 465 2581 nihil
478 2547 531 2580 acre
548 2532 591 2588 sit;
607 2541 635 2579 ut
666 2533 758 2594 virtus,
775 2532 837 2580 nihil
853 2534 940 2582 sentire
959 2550 1015 2598 prae
1030 2550 1055 2581 se
1072 2533 1164 2581 ferunt.

136 2623 166 2669 a'n
180 2636 221 2668 ore
236 2636 290 2668 eam
303 2627 376 2682 atquo
390 2620 479 2684 lingua
492 2633 584 2681 semper
592 2616 633 2664 ha·
664 2617 712 2665 llos
726 2618 802 2681 igitur
817 2620 921 2681 mittam,
939 2628 965 2667 et
980 2621 1106 2667 terminum
1122 2617 1165 2667 hic

136 2704 204 2754 heret
220 2703 374 2771 philosophus
384 2705 481 2752 Taurus.
498 2701 560 2766 Quid
572 2701 634 2749 mal·
666 2711 775 2751 statuam.
790 2702 872 2750 Fusius
888 2703 983 2768 quidem
1000 2704 1162 2768 prolixiusque

137 2791 168 2838 tis
181 2807 254 2856 opus,
276 2799 315 2851 tu,
332 2791 353 2837 si
374 2790 452 2853 capis,
471 2803 562 2835 mecum
581 2803 631 2834 eor·
662 2785 724 2834 hanc
739 2789 914 2835 annotationem
923 2787 1075 2836 deduximus:
1093 2805 1162 2850 curn,

136 2877 197 2940 rige;
219 2885 258 2937 et,
278 2885 307 2922 ut
331 2873 406 2935 soles,
430 2872 553 2920 literarum
574 2873 632 2919 vici·
665 2874 720 2937 quia
734 2874 836 2937 primum
854 2871 899 2920 hoc
915 2875 1034 2938 specimen
1055 2883 1080 2921 et
1095 2874 1164 2939 quasi

135 2961 199 3009 niam
216 2959 387 3024 contemplare:
408 2954 517 3022 Ἡδονὴ
541 2956 630 3016 τέλος,
664 2959 750 3023 pignus
774 2968 905 3006 nostrarum
918 2961 943 3006 in
959 2959 1067 3007 Flaccum
1084 2975 1163 3007 emen·

112 3046 233 3111 ’πόρνης
249 3045 349 3107 δόγμα.
365 3043 415 3093 οὐκ
430 3043 487 3092 ἐστὶ
505 3043 631 3109 πρόνοια,
665 3042 787 3092 dationum
810 3045 943 3093 accuratius
963 3044 1023 3093 mihi
1047 3043 1162 3093 tuendum

135 3129 202 3181 οὐδὲ
215 3131 314 3198 πόρνης
326 3130 425 3194 δόγμα.
444 3130 559 3193 Voluptas
565 3145 630 3177 cum·
665 3139 727 3178 erat:
742 3140 805 3193 tum,
819 3139 847 3178 ut
863 3128 901 3178 vel
909 3129 965 3179 hine
979 3131 1069 3193 sciant,
1083 3133 1104 3179 si
1119 3132 1163 3196 qui

133 3233 199 3267 mum
229 3219 331 3279 benum,
361 3217 501 3265 meretricis
532 3216 633 3280 dagam:
665 3217 690 3263 in
716 3214 754 3263 his
775 3217 860 3263 nostris
888 3214 1048 3264 examinandis
1070 3217 1163 3282 ingenii

134 3303 191 3352 Non
203 3310 243 3352 est
251 3303 425 3368 procidentia,
445 3317 475 3349 nc
491 3302 632 3349 meretricis
664 3300 740 3349 aleam
758 3299 887 3364 subibunt,
904 3300 981 3350 adhuc
997 3301 1078 3367 plures
1094 3301 1162 3351 nobis

135 3390 232 3451 quidem
247 3389 341 3453 dogma.
367 3387 481 3436 Nimirum
497 3385 535 3435 bis
558 3386 629 3434 simul
661 3388 772 3452 sagittas,
795 3389 865 3435 κατὰ
887 3388 936 3436 τὸν
960 3386 1116 3454 Πίνδαρον,
1135 3390 1161 3435 iu

134 3474 298 3539 Epicureorum
320 3473 415 3521 decreta
430 3471 558 3521 hellissime
576 3489 630 3520 con·
663 3471 774 3536 pharetra
789 3489 924 3538 superesse,
942 3473 1028 3540 quibus
1044 3483 1108 3521 recte
1124 3472 1160 3521 di·

135 3558 206 3618 fodit3
225 3559 288 3608 illud
304 3559 427 3608 meretrice
447 3557 544 3622 dignum
566 3574 630 3620 esse,
663 3567 715 3620 eta,
732 3560 753 3606 si
768 3575 824 3606 usus
840 3560 917 3621 serat,
940 3557 1066 3607 defendere
1083 3557 1162 3606 valea-

134 3643 178 3690 hoc
194 3645 232 3692 vel
245 3646 310 3693 infra
323 3645 471 3693 meretricem
493 3659 550 3691 esse.
575 3636 632 3713 Sen—
664 3659 727 3692 naus:
751 3660 881 3710 quaecum
902 3662 973 3710 prava
994 3646 1160 3705 invenientur,

133 3731 165 3775 tis
189 3732 235 3777 iam
253 3730 378 3779 aculeum?
409 3726 562 3777 Confiteberis
585 3727 629 3775 hoc
662 3739 689 3777 ut
710 3747 807 3794 peccare
829 3747 884 3778 saue
908 3740 931 3778 et
954 3729 1054 3777 hominis
1076 3739 1111 3776 cst
1136 3738 1160 3776 ct

133 3816 179 3862 rito
194 3815 407 3878 excogitatumi'au
415 3831 513 3880 perges,
530 3815 568 3861 uti
577 3830 629 3861 coc·
660 3817 798 3879 praesertim
823 3814 889 3863 aliud
910 3832 979 3879 saepc
1004 3815 1109 3879 agentis,
1133 3831 1161 3863 ea

134 3901 205 3965 pisti,
223 3915 376 3964 quaecunque
384 3916 436 3947 mea
448 3909 517 3961 sunt,
531 3898 628 3962 rodere,
662 3901 751 3965 primus
764 3901 814 3963 ipse
831 3901 943 3963 proiicio,
961 3898 1160 3964 cuilibetqueim-

132 3986 261 4050 limamque
285 3987 368 4047 miser,
390 3995 418 4034 ut
439 3986 464 4033 in
481 3984 564 4033 fabula
580 3994 629 4047 est,
662 4001 726 4051 pune
748 3982 909 4047 redarguenda
932 3983 970 4031 vel
995 3983 1097 4033 rodenda
1120 3984 1160 4034 de-

132 4070 242 4121 ribilante
261 4069 356 4136 quidem
373 4069 469 4136 lingua,
491 4069 532 4118 sed
549 4080 574 4119 et
589 4069 630 4120 do-
661 4068 743 4117 stituo.
760 4069 918 4117 BENTLEIVS.
