2752 4844
526 392 854 461 murmontis-1

202 595 269 665 Seu
291 617 430 666 cursum
452 594 593 663 mutavit
618 593 774 688 iniquum
799 581 1107 686 frugibusamnio,
1159 579 1161 584 ¹

205 819 242 866 Et
269 821 387 864 iuvenum
409 818 463 863 rite
481 817 577 878 florent
599 816 667 864 modo
699 816 799 878 saeculi,
814 819 848 865 ita
858 826 1017 867 etsermonem
1032 817 1138 866 fastidire
1149 833 1201 866 eoe·
1246 827 1249 832 '

171 911 233 952 nuta
246 905 383 964 virentque.
409 903 461 948 »Ut
478 902 536 949 folin
556 903 582 950 in
604 901 669 950 silvis
701 904 751 967 pit,
764 902 1042 967 etnovaparereverha‚
1057 920 1118 968 quae
1135 905 1202 952 iuve-

172 991 298 1054 qnotannis
318 997 452 1049 mutantur,
475 989 550 1052 prima
566 985 666 1035 eadunt:
700 1003 757 1034 num
765 981 906 1035 rituflorent
916 998 940 1035 et
948 990 1057 1053 vigent.”
1066 989 1203 1037 HaecGain·

142 1067 145 1071 ¹
174 1084 198 1122 et
215 1076 247 1122 sie
261 1084 341 1122 vetera
355 1071 425 1121 verba
437 1075 573 1134 intereunt,
590 1081 614 1119 et
628 1088 669 1118 no·
702 1071 791 1120 fredus.
810 1073 884 1120 Maius
900 1073 963 1121 huno
979 1074 1114 1122 Terentium
1132 1083 1203 1138 putat

172 1160 323 1208 vassorent.”
338 1159 382 1222 Qui
398 1158 470 1206 talem
486 1156 672 1205 seribendiineo-
705 1149 1205 1224 luisseGrammatirum‚aequalemVirgilii

175 1249 298 1312 gitantiam
328 1245 427 1292 tolerare
452 1246 542 1309 possit,
574 1243 668 1291 toleret.
702 1243 863 1292 Grammatieit
879 1246 913 1293 W.
926 1245 1110 1309 H.Ii.Suringar
1125 1248 1151 1292 iu
1164 1245 1205 1293 Hi-

176 1331 247 1380 Modo
267 1313 305 1378 hie
318 1332 451 1396 significare
469 1328 540 1376 debet
560 1331 617 1390 vis,
635 1345 672 1376 re·
705 1331 776 1377 storia
797 1329 881 1377 Critioa
906 1329 1089 1378 Scholiastarum
1111 1331 1205 1378 Latino·

175 1431 238 1465 emes.
262 1417 311 1463 Iam
333 1417 430 1463 verdum
446 1417 526 1462 statim
542 1430 585 1461 nee
602 1414 671 1462 simul
704 1431 771 1476 rum,
794 1414 856 1463 libro
879 1414 947 1463 doete
965 1425 989 1463 et
1007 1404 1131 1480 eleganter¹
1144 1431 1206 1463 eom·

175 1503 277 1549 nascitur
299 1510 323 1548 et
344 1499 423 1547 floret.
444 1501 537 1546 Poterat
555 1500 622 1547 modo
641 1501 671 1546 si·
704 1501 798 1564 posito,
822 1500 847 1547 T.
867 1501 908 1547 III.
935 1517 989 1565 pag.
1012 1503 1072 1562 191,
1101 1500 1207 1548 Terentii

176 1588 285 1652 gnilleare
300 1602 377 1649 nune,
394 1587 460 1634 utin
474 1585 583 1633 formulis
596 1601 674 1631 nune-
706 1583 787 1632 Scauri
803 1584 962 1648 fragmentum
978 1587 1093 1632 invenisse
1111 1585 1157 1634 sibi
1172 1587 1207 1634 vi·

175 1688 252 1734 nune,
278 1671 434 1719 modo-modo.
461 1671 489 1717 Et
513 1687 582 1734 saepe
604 1671 632 1717 fit
648 1679 676 1716 ut
709 1685 748 1716 sus
771 1679 814 1717 est.
849 1669 905 1731 Est,
927 1670 953 1716 ni
975 1669 1059 1730 fallor,
1084 1671 1207 1718 Terentius

175 1760 242 1823 prius
260 1757 328 1805 modo
353 1758 483 1805 omittatur.
506 1755 552 1802 Sed
572 1757 592 1802 si
615 1755 675 1802 hanc
708 1756 782 1816 Afer,
800 1754 917 1817 Comicus,
941 1757 1007 1803 euius
1023 1773 1103 1804 versus
1121 1759 1208 1805 citatur

177 1845 291 1891 rationem
311 1841 444 1906 sequimur,
470 1842 588 1888 sententia
605 1843 675 1888 etiam
709 1858 739 1888 ex
758 1840 856 1905 Prologo
873 1840 980 1889 Eunuchi
997 1858 1019 1889 v.
1035 1844 1075 1890 41.
1104 1842 1209 1890 Mittam

178 1931 251 1993 magis
264 1926 425 1994 perturbatur.
442 1927 622 1992 Provigent‚in
630 1927 676 1976 MS.
711 1935 749 1975 est
768 1929 821 1974 iam
839 1928 946 1989 dietum,
967 1928 1029 1990 quod
1047 1944 1094 1975 noe
1115 1928 1210 1976 dietum

178 2014 242 2079 apud
254 2015 322 2062 Feam
338 2015 427 2061 virent.
446 2014 473 2059 Iit
488 2014 520 2060 sie
533 2011 577 2060 ille
593 2011 676 2060 edidit.
710 2014 749 2060 sii
759 1998 844 2077 prius.
871 2013 993 2060 Praeterea
1010 2023 1075 2061 totus
1087 2012 1211 2062 Gainlredi

178 2099 262 2147 lerum
280 2109 338 2164 puto
356 2100 447 2145 virent.
466 2098 523 2144 Nam
536 2097 677 2161 intelligun·
710 2097 775 2144 lorus
792 2100 826 2145 sie
844 2108 879 2144 est
893 2097 1064 2146 restituendus:
1084 2100 1146 2147 »De
1158 2115 1212 2147 eon·

179 2195 220 2233 tur
228 2185 314 2246 folia,
337 2199 397 2248 quae
414 2168 505 2243 pirent,
529 2198 575 2228 non
598 2183 677 2228 verta.
711 2182 925 2244 suetudine‚quae
938 2200 1001 2230 nune
1015 2191 1066 2245 est,
1080 2187 1213 2233 Terentius

178 2271 319 2334 Requiritur
335 2269 469 2332 oppositum
477 2267 679 2326 soliiseadenii-
711 2267 790 2314 dieii:
814 2267 896 2314 »nihil
910 2278 960 2331 est,
978 2268 1041 2333 quod
1053 2286 1100 2317 non
1123 2270 1213 2319 dictum
1269 2297 1272 2300 ·

182 2357 238 2418 dus,
261 2354 304 2402 hoc
322 2364 371 2415 est,
381 2354 450 2413 solia
467 2353 585 2401 virentia.
606 2352 678 2399 Hora·
710 2354 741 2399 sit
758 2354 851 2416 prius.”
864 2352 909 2401 Sed
922 2356 1005 2403 iniecit
1019 2366 1136 2420 postrema
1150 2367 1215 2406 aetas

181 2443 242 2490 tium
264 2441 369 2504 respexit
391 2438 490 2501 Quintil.
508 2438 679 2499 V111,v1‚32.
713 2453 821 2501 manum,
845 2448 883 2501 et,
906 2449 934 2486 ut
954 2439 1102 2505 dIsriplinam
1119 2444 1215 2507 pristini

182 2528 291 2588 Deinde,
308 2534 430 2588 tornqnam
445 2530 611 2572 consummata
627 2524 682 2571 sint
714 2523 819 2587 saeculi,
843 2527 878 2573 ita
904 2535 928 2573 et
953 2543 1081 2575 sermonem
1105 2528 1212 2577 fastidire

184 2615 281 2675 monio,
298 2613 367 2659 nihil
378 2625 498 2675 generare
514 2611 630 2657 deiciemus
646 2610 684 2672 ep·
718 2612 796 2673 eoepit
812 2627 846 2674 sq.
864 2611 1006 2659 (iainlredus
1021 2615 1067 2660 ista
1084 2616 1167 2662 sumsit
1185 2632 1215 2664 ex

184 2700 222 2760 si,
240 2714 294 2745 oum
309 2699 388 2744 metita
404 2688 514 2758 quotidie
527 2697 556 2742 ed
569 2696 684 2757 antiquis
716 2694 827 2742 Diomede
839 2695 890 2743 Lib.
903 2698 1060 2763 1‚pag.394:
1078 2701 1134 2746 »tlt
1141 2716 1215 2764 prae-

178 2786 244 2845 ficta
259 2784 406 2830 moriantur.
426 2780 469 2828 Ubi
481 2781 608 2841 Gesnerus,
624 2782 682 2828 miro
714 2782 779 2827 clere
800 2781 897 2828 dixe-rit
911 2784 1051 2833 Terentius.
1075 2785 1161 2833 »Nihil
1181 2796 1218 2834 est

187 2885 279 2929 errore,
300 2868 381 2914 citavit
397 2866 535 2912 Horatiana:
560 2866 684 2912 veriorum
716 2863 819 2928 dietum,
835 2867 897 2932 quod
911 2884 957 2916 non
976 2871 1007 2917 sit
1020 2869 1109 2918 dietum
1122 2873 1216 2935 prius.”

188 2956 256 3002 velet
268 2953 361 2999 interit
373 2958 449 2998 aetas.
465 2948 538 2997 Verba
548 2950 638 2998 Horatii
648 2966 685 2996 re·
717 2952 767 2998 Sed
785 2953 877 2999 iniecit
896 2961 998 3016 postera
1018 2963 1089 3002 aetas
1104 2972 1219 3018 manum,-

188 3041 267 3105 spexit
283 3036 423 3085 Geinlredus
440 3036 623 3098 Grammaticus,
647 3051 687 3083 eu·
719 3044 745 3084 et
767 3039 847 3085 veluti
866 3039 1026 3102 disciplinam
1037 3043 1151 3104 pristini
1167 3059 1219 3091 sae·
1269 3064 1275 3072 ·

188 3128 226 3175 ius
237 3116 303 3173 'liber
317 3123 378 3184 ms,
398 3122 454 3169 olim
471 3123 566 3186 reginae
583 3120 685 3185 suevae,
718 3124 781 3184 cuti,
796 3125 837 3170 ita
850 3131 876 3171 et
888 3141 1019 3173 sermonem
1027 3126 1221 3187 fastidireeoe·

190 3222 225 3260 est
241 3213 266 3260 in
283 3208 432 3258 Bibliotheca
448 3208 565 3255 Vaticana.
583 3207 686 3272 Angelus
713 3208 772 3272 pit,
789 3215 816 3254 et
831 3225 892 3256 nevo
903 3214 1038 3274 parturire
1054 3216 1140 3276 verba,
1158 3230 1219 3278 quae
1279 3219 1281 3224 '

190 3299 264 3345 ilaius
290 3294 345 3344 inde
371 3292 499 3359 particulas
525 3294 641 3357 excerpsit
662 3294 688 3340 in
721 3295 837 3340 iuvenum
858 3295 914 3342 ritu
935 3297 993 3360 ipsa
1008 3299 1075 3346 modo
1085 3301 1181 3362 florent
1197 3308 1223 3348 et

191 3382 285 3431 ductor.
300 3380 368 3428 Closs.
386 3377 456 3426 Codd.
470 3378 543 3426 latio.
562 3387 587 3425 et
603 3379 628 3424 in
640 3377 693 3426 ΤΧ
725 3379 824 3442 vigent,
840 3387 871 3426 ut
887 3383 927 3428 eit
943 3383 1074 3432 Horatius.

191 3485 217 3532 p.
225 3465 378 3529 150,retulit
387 3475 435 3512 tres
443 3462 692 3512 auctoresaGainlre·
757 3464 878 3511 Debemur
901 3469 978 3514 morti
1009 3484 1053 3515 nos
1083 3478 1222 3533 nostraque.

194 3552 224 3601 do
248 3550 371 3612 laudatos,
399 3549 610 3610 Cornminiamem,
636 3549 691 3594 Pli-
723 3547 780 3596 Cave
799 3565 851 3597 cum
867 3550 959 3600 Achille
976 3552 1050 3602 Statio
1068 3555 1178 3603 delenm
1195 3572 1226 3607 ex
1274 3581 1294 3604 .-

194 3640 265 3686 nium
276 3637 410 3685 &mondum
419 3645 443 3682 et
453 3635 597 3683 Terentium
607 3634 691 3680 Grani·
723 3636 811 3699 scripto
828 3637 940 3685 Prisciani
957 3638 1035 3686 codiee
1050 3638 1180 3706 substituas
1200 3658 1225 3690 v.

195 3723 321 3771 malicum.
338 3719 412 3769 Verba
425 3717 689 3770 Gainsredihaecsuntt
723 3721 763 3768 63.
788 3719 830 3769 uhi
852 3724 935 3788 scripti
953 3723 1057 3789 editique
1075 3735 1139 3772 reete
1157 3726 1224 3776 exhi·

198 3810 254 3856 »De
274 3806 459 3869 consuetudine,
486 3823 546 3872 quae
564 3821 628 3854 nune
646 3813 695 3867 est,
728 3804 786 3854 hent
803 3809 923 3854 Dedemur
939 3811 1016 3856 inerti
1031 3826 1075 3857 nos
1088 3819 1229 3878 nostroque.

195 3895 319 3944 Terentius
337 3891 407 3940 dicit:
434 3891 519 3940 »nimi
534 3900 569 3939 est
582 3888 646 3956 quod
659 3888 694 3939 di·
725 3890 763 3939 Sie
786 3900 810 3938 et
839 3892 933 3940 Ovidius
955 3894 1047 3943 Metam.
1067 3897 1103 3959 X,
1117 3899 1157 3948 32.
1185 3899 1230 3950 uhi
1312 3932 1314 3937 .

198 3992 263 4032 etum
279 3981 373 4045 prius.”
397 3975 443 4025 Sed
458 3979 552 4025 Inieeit:
578 3985 695 4042 postrema
726 3977 805 4026 Manes
829 3976 974 4043 alloquitur:
1007 3981 1096 4029 Omnia
1117 3985 1229 4035 debemur

197 4077 263 4117 aetas
278 4064 375 4127 mundi,
393 4071 421 4112 ut
437 4061 583 4145 disciplinam
601 4062 696 4127 pristini
729 4063 813 4110 vodis:
840 4064 996 4128 penitiorique
1023 4070 1116 4116 morati
1139 4071 1231 4120 &riu

1044 4209 1046 4212 -
1076 4163 1095 4222 3
