2752 4844
175 388 214 449 38
440 394 652 455 uoutrtl
684 394 928 455 EPISTOLA

205 590 313 678 Quem
323 616 426 688 penes
439 592 615 664 arbitrium
627 605 688 686 cst,
701 603 736 666 et
748 598 813 686 ius,
821 604 855 666 et
867 621 984 666 norma
994 593 1167 690 loquendi.

172 815 223 865 illis
231 815 332 864 licuisse.
347 819 395 865 lam
410 829 488 866 autem
501 829 595 867 strenue
610 821 674 868 fron·
705 820 784 882 siano,
806 820 934 868 Graeviaoo
956 831 980 868 et
1004 819 1137 868 Batteliano
1161 816 1204 867 ud·

174 911 224 949 tem
254 903 367 967 perfricat
387 904 520 952 Theodorus
539 906 670 967 Mamilius,
704 906 836 962 scierimus3
862 907 919 953 Sive
942 907 1065 970 Neptunus
1082 932 1115 939 -
1133 905 1202 951 steri-

174 989 216 1052 qui
230 1003 261 1034 cr
273 975 396 1036 ecterilus
408 990 497 1038 Horatii
515 992 670 1056 Priscianique
704 991 762 1038 lisvc
775 992 889 1056 pulus-
902 993 1032 1039 seuamnis
1046 1007 1138 1038 cursum
1151 1007 1221 1057 mu·¹
1260 1049 1262 1055 Α

173 1075 321 1121 membranis
336 1092 427 1135 reram,
442 1086 470 1123 ut
483 1078 530 1137 ait,
544 1077 669 1125 lectionem
703 1078 771 1126 tevit.
790 1078 998 1140 utCarm.1v‚2.
1020 1079 1068 1125 Seu
1084 1079 1150 1124 Deos
1165 1092 1203 1123 re·

174 1157 282 1224 profert,
299 1163 444 1223 sterilisque
452 1163 528 1224 palus
541 1171 673 1225 optataque
701 1180 791 1228 guoque
807 1151 877 1211 cauit
892 1191 926 1198 —
941 1165 994 1210 siae
1010 1179 1069 1225 ques
1086 1164 1148 1209 Eleu
1164 1163 1205 1209 de-

173 1246 257 1294 remis.
280 1244 324 1293 Ubi
341 1249 402 1293 enim
417 1249 523 1310 gentium
540 1258 595 1295 sunt
611 1248 671 1296 tales
703 1265 768 1296 rurum
781 1251 880 1297 reducit
895 1276 928 1284 -
941 1250 1034 1296 Flebili
1047 1263 1149 1312 sportsue
1164 1250 1205 1295 iu·

173 1330 340 1379 membranae?
356 1333 403 1378 Aut
419 1335 460 1396 qui
474 1332 540 1380 sodes
557 1333 670 1382 credibile
695 1342 813 1381 'venemur
828 1344 928 1399 ruptum
944 1336 1041 1382 Plorat.
1072 1335 1123 1391 Que
1149 1349 1205 1380 vero

173 1426 210 1464 est
234 1416 297 1481 apud
324 1417 465 1465 Priscianum
491 1418 602 1483 produci,
633 1421 675 1484 qui
707 1420 800 1492 nullum
819 1420 859 1468 bic
880 1420 957 1468 locum
978 1419 1065 1481 babet,
1087 1430 1115 1467 ut
1134 1420 1206 1466 mirer

174 1501 228 1550 ideo
243 1504 312 1564 ritat,
330 1513 357 1550 ut
372 1506 457 1568 corripi
471 1504 673 1571 ostendatiquid‚
707 1505 746 1553 bic
760 1517 796 1554 tot
807 1506 937 1554 editoribus
950 1524 1055 1554 somnum
1066 1505 1205 1570 obrepsisse.

175 1587 238 1654 quod
254 1596 342 1652 optutu
358 1592 434 1637 remis
467 1593 562 1639 minime
580 1591 674 1656 quidem
707 1594 755 1640 lam
772 1602 865 1653 utitem,
883 1603 910 1640 ut
922 1594 1003 1640 DlVio
1014 1591 1092 1638 Purus
1102 1601 1207 1639 mutare·

170 1675 260 1739 polus,
283 1674 323 1722 sed
337 1677 410 1723 nuris
428 1677 466 1723 rel
481 1679 548 1724 rutis
560 1688 624 1724 recte
642 1677 677 1725 di·
710 1694 772 1739 mus,
788 1688 812 1725 et
822 1676 1057 1738 vocumsimrlitudo,
1067 1678 1207 1742 praesertim

175 1761 250 1808 citur:
268 1763 407 1824 polusvero
421 1771 480 1826 opta
496 1765 580 1811 remis.
606 1763 670 1812 0vid.
704 1763 747 1810 ubi
764 1767 842 1827 prius
855 1764 1017 1828 compendiose
1035 1762 1161 1824 scribitur,
1182 1772 1208 1810 et

174 1847 225 1894 Art.
237 1849 312 1895 Amat.
327 1850 363 1908 ll,
384 1850 438 1896 126.
456 1850 476 1894 O
493 1850 588 1910 quoties
599 1850 673 1895 illum
713 1850 763 1913 ipsa
781 1852 899 1897 sententia
914 1860 1064 1897 monuerunt.
1083 1849 1130 1895 Hoc
1145 1850 1208 1895 enim

175 1932 256 1979 doluit
266 1949 399 1996 properare
418 1934 520 1995 Calypso
524 1955 535 1992 ,-
550 1935 675 1996 Remigio·
706 1934 1067 1998 voluitFlarrus:Quaeubemui
1075 1934 1209 1981 ueresteri·

177 2033 222 2079 que
254 2026 327 2081 uptus
358 2033 410 2064 csse
439 2019 542 2081 etegerit
573 2015 674 2080 eqrrus'!
707 2019 736 2066 lis
746 2019 814 2083 palus
824 2020 981 2082 suerat‚oune
991 2021 1108 2068 exsiccata
1117 2029 1209 2084 segetes

175 2102 296 2150 Claudiam
306 2103 372 2150 Bello
385 2104 436 2163 Get.
448 2120 471 2151 r.
481 2105 543 2165 339,
558 2102 677 2151 deltheno
710 2106 766 2153 fert.
788 2107 860 2170 Atqui
877 2106 902 2153 io
922 2105 967 2153 bac
979 2107 1103 2154 'sententia
1120 2105 1210 2152 rectius
1227 2128 1230 2132 ·

176 2199 201 2237 et
222 2188 340 2237 Danubio:
369 2190 444 2239 Aulo
468 2183 677 2252 lzulilcs'remis‚
708 2207 782 2254 prius
789 2194 866 2255 pulus
879 2191 967 2239 dixeris
979 2209 1049 2257 quam
1063 2193 1114 2239 diu.
1127 2191 1211 2238 Noster

176 2277 243 2323 umbe
267 2277 391 2340 glacialia
414 2277 478 2321 secti
500 2279 580 2341 Terga
601 2278 674 2324 rotis.
707 2277 780 2326 Carm.
799 2279 862 2340 1,3.
886 2280 1025 2341 Smuotique
1042 2281 1119 2342 prius
1137 2276 1210 2324 tardo

177 2360 236 2424 Quid
252 2363 327 2425 igitur
341 2361 398 2409 lreti’
421 2359 546 2422 fauebunt,
573 2371 600 2408 ut
616 2361 677 2409 bene
710 2366 846 2409 necessitas
869 2365 929 2410 Leti
949 2367 1075 2427 corripuit
1093 2364 1209 2426 graelum.

155 2447 279 2508 ‘ominor‚
297 2449 338 2510 qui
356 2447 451 2494 Horatio
464 2446 524 2494 bene
540 2446 675 2507 voluntssi
709 2448 788 2493 Prius
805 2450 910 2507 seruati,
933 2463 1017 2510 nempe
1040 2445 1070 2493 ab
1090 2448 1148 2510 ipsis
1166 2447 1214 2494 hu·

137 2594 139 2598 Α
177 2542 202 2580 et
212 2534 262 2600 ipse
271 2569 277 2594 ,
286 2535 312 2579 in
331 2550 356 2579 re
375 2534 422 2579 iam
436 2532 558 2596 deplorata
575 2540 599 2578 ct
611 2529 683 2595 depo·
714 2533 777 2578 mani
785 2532 878 2595 generis
887 2531 1028 2595 primordiis.
1040 2531 1105 2579 ovid.
1115 2532 1211 2581 blatam.

177 2617 300 2683 sita‚quid
309 2620 408 2682 possim,
421 2629 551 2665 tentavero.
563 2617 679 2680 Principio
712 2618 737 2679 l,
757 2618 811 2664 135.
839 2617 1035 2679 Communemque
1052 2619 1145 2680 prius,
1168 2633 1212 2665 ceu

178 2705 253 2768 igitur
270 2721 337 2751 nemo
356 2721 370 2751 a
392 2721 428 2750 me
450 2701 602 2768 impetrabit,
620 2703 678 2768 quin
711 2705 805 2750 luminu
823 2704 885 2750 solis
904 2710 930 2749 et
946 2719 1036 2764 aures,
1058 2703 1153 2749 Cautus
1170 2704 1213 2750 ltu·

177 2790 344 2839 Grammaticos
361 2790 416 2838 illos
432 2791 522 2838 vitiosis
537 2789 689 2853 exemplam·
708 2805 774 2836 muru
791 2790 862 2853 louge
877 2791 993 2853 signavit
1009 2791 1093 2837 limite
1107 2805 1212 2837 mensor.

178 2874 223 2923 bus
254 2893 302 2924 esse
325 2875 435 2940 deceptos
462 2875 568 2936 credam,
600 2875 679 2938 qualia
713 2885 738 2922 et
751 2876 787 2936 ll,
803 2877 857 2924 174.
878 2876 990 2939 Quaeque
1002 2877 1059 2939 pole
1070 2878 1158 2939 positu
1174 2883 1214 2922 est

179 2962 292 3027 pleraque
303 2961 395 3026 Virgilii
413 2971 491 3022 erant,
511 2969 570 3006 teste
586 2959 677 3022 Gellio,
707 2962 818 3025 glaciali
834 2964 951 3025 preeiruu
972 2978 1086 3026 serpeus,
1109 2963 1215 3026 Frigore

181 3047 227 3094 diu
240 3057 294 3094 ante
311 3056 381 3111 'quam
397 3047 436 3094 illi
453 3055 612 3093 nascerentur.
641 3046 679 3092 ln·
708 3048 787 3110 pigro
799 3049 890 3110 prius,
912 3063 954 3094 uec
960 3048 1136 3106 formidabilis
1151 3047 1213 3107 ulli,

182 3130 296 3180 credibile
317 3133 379 3180 enim
397 3142 448 3194 est,
474 3141 502 3179 ut
516 3132 592 3195 palus
609 3130 681 3178 corri—
713 3133 832 3180 Incaluit.
856 3133 917 3181 Pone
935 3134 981 3180 ium
998 3133 1024 3180 in
1041 3132 1078 3179 his
1095 3132 1153 3177 locis
1169 3131 1215 3177 diu

181 3218 262 3284 puerit
284 3217 395 3280 Flaccus,
415 3228 495 3266 contra
512 3216 624 3266 sermonis
640 3233 680 3282 ge·
713 3232 755 3282 pro
780 3219 872 3281 prius5
906 3234 986 3266 versus
1018 3216 1113 3282 quidem
1138 3231 1214 3280 aeque

180 3304 247 3352 nium
270 3313 295 3352 et
312 3321 430 3364 normam,
453 3304 603 3368 omniumque
620 3303 680 3351 alio·
712 3312 840 3368 utrumque
868 3304 989 3368 recipiet,
1020 3302 1138 3350 sententia
1168 3318 1215 3349 non

182 3405 235 3439 rum
253 3406 353 3451 morem,
371 3399 419 3436 tam
436 3389 557 3453 prolecto,
576 3390 683 3454 quamsi
715 3388 781 3436 item.
808 3388 900 3452 Quippe
923 3389 968 3436 diu
991 3388 1063 3435 luisse
1086 3386 1214 3449 dicuntur,

182 3478 268 3524 virtus
290 3485 332 3524 aut
355 3476 429 3522 tellus
448 3473 553 3523 breviter
572 3493 625 3523 eum
643 3493 683 3524 ex·
715 3491 775 3540 quae
793 3492 807 3522 a
825 3474 895 3540 longo
908 3485 1014 3540 tempore
1028 3474 1061 3521 sic
1077 3483 1157 3535 erant,
1175 3473 1216 3522 vir

181 3562 265 3611 tulisse
289 3559 443 3609 contenderis.
470 3561 547 3608 Posito
564 3562 639 3626 igitur
657 3571 681 3608 et
713 3577 774 3625 quae
796 3558 825 3607 ab
845 3560 921 3607 omni:
942 3561 1019 3623 prius
1041 3576 1096 3606 vero
1119 3559 1216 3624 utrique

181 3664 308 3708 concesso,
330 3636 421 3705 lorum,
447 3655 475 3693 ut
497 3645 566 3693 bodie
585 3648 679 3707 sertor,
713 3642 792 3693 sensui
823 3663 852 3693 ex
879 3661 954 3710 aequo
980 3646 1097 3693 convenit.
1131 3645 1214 3710 virgil.

180 3735 206 3783 in
223 3734 307 3783 mendo
328 3731 428 3786 cubare;
452 3732 485 3779 sic
507 3731 681 3780 restituendum
713 3732 796 3796 Georg.
815 3731 863 3792 ill,
881 3733 936 3779 362.
963 3731 1125 3778 Concrescunt
1151 3733 1217 3779 suli·

181 3828 205 3867 et
219 3818 379 3884 reponendum
393 3815 597 3882 arbitror:llcgis
611 3833 684 3882 epus:
717 3824 757 3864 tue
781 3819 895 3866 currenti
918 3819 948 3865 in
965 3818 1073 3880 flumine
1100 3826 1216 3877 cratetur,

183 3906 312 3953 sterilisve
334 3905 410 3970 polus
429 3905 503 3969 quius
521 3911 628 3968 apteque
646 3919 684 3950 rc·
719 3903 832 3968 Uuduque
853 3906 905 3952 ium
928 3903 1122 3967 tergoferretes
1139 3904 1218 3950 susti-

181 3991 233 4036 rm's
261 3991 361 4038 Vicinos
388 3991 459 4038 urbes
482 3990 532 4037 ulit
559 3996 585 4036 et
605 4004 684 4054 greve
716 3997 759 4036 uet
775 3990 856 4050 orbes,
879 3990 1007 4054 Puppibus
1023 3991 1071 4037 illo
1082 3990 1160 4053 prius
1171 4000 1218 4050 pu·

183 4076 264 4123 sentit
276 4083 397 4123 aratrum.
415 4074 459 4124 Ubi
475 4073 537 4124 illud
551 4089 579 4122 ee
593 4073 683 4124 exlus-
718 4076 800 4136 tulis,
824 4091 888 4125 oure
912 4077 1012 4142 hospite
1028 4075 1166 4141 plaustris.
1192 4081 1218 4119 et
