2752 4844
509 381 568 441 Al)
600 381 814 440 PISORES.
1112 377 1169 438 153

185 581 328 655 Nullum
345 582 435 652 ultra
448 581 586 653 verbum
597 588 656 653 aut
668 605 801 678 operam
813 582 1002 653 insumebat
1013 581 1159 672 inanem,

154 794 179 832 et
200 786 225 833 in
248 794 355 834 veterum
377 786 470 850 scriptis
487 783 584 850 hospes,
606 787 649 850 qui
680 785 763 834 Noster
778 783 851 848 alibi,
867 786 940 851 Epist.
952 787 1022 849 11,1‚
1038 787 1095 835 233.
1115 788 1175 834 Gre-

153 885 240 918 eersus
254 877 378 934 tornatos,
389 869 451 936 quod
464 870 527 935 apud
540 871 648 918 Nostrum
682 878 723 918 teo
736 871 875 919 Alexandro
890 873 946 935 rege*
960 872 1118 938 Magnosee't
1131 872 1177 919 ius

77 945 80 955 ’
154 971 217 1003 nunc
234 956 411 1019 circumfertur,
428 957 453 1004 in
468 957 602 1004 universum
618 957 648 1004 si·
682 956 822 1019 Choerilus,
843 958 949 1005 iacaclte's
966 959 1009 1020 qui
1024 959 1135 1006 eer'se’hes
1150 963 1176 1005 et

154 1057 201 1106 gno
214 1049 265 1089 stro
278 1043 403 1090 notaverit.
420 1039 501 1089 Nihilo
514 1050 592 1089 tamen
605 1042 649 1088 mi·
680 1043 743 1089 mule
764 1043 835 1089 eatis
851 1043 952 1090 Retulit
969 1049 1078 1107 ooeeptes
1092 1043 1177 1107 regale

154 1141 200 1173 nus
219 1126 267 1174 iam
288 1125 330 1174 diu
350 1136 398 1189 est,
423 1142 476 1174 cum
499 1125 649 1191 elegantioris
680 1128 800 1174 nomisma
816 1115 953 1191 Philippos.
978 1127 1040 1176 llaec
1061 1126 1104 1176 ubi
1121 1136 1176 1175 ante
1227 1120 1229 1123 ’

154 1212 245 1277 ingenii
268 1210 373 1260 homines
391 1210 517 1267 ,Horatium
542 1211 651 1276 culpant;
686 1211 787 1261 sedecim
801 1213 876 1260 ferme
889 1229 961 1261 annos
974 1210 1178 1262 inNotisadCal·

155 1313 203 1344 non
224 1295 286 1362 quod
309 1304 418 1345 tormtos
439 1312 523 1345 uersus
544 1297 648 1359 dixerit,
681 1297 823 1361 limacbum,
848 1308 874 1347 et
892 1298 975 1347 iisdem
999 1315 1059 1364 pene
1079 1297 1176 1360 verbis,

155 1381 197 1430 sed
210 1381 273 1448 quod
283 1383 370 1431 enardi
381 1384 480 1446 reddere
490 1400 573 1448 parum
582 1393 649 1431 caute
683 1383 827 1432 dixeramus:
845 1385 891 1432 nisi
903 1384 966 1450 quod
979 1384 1048 1450 plura
1060 1400 1122 1432 nunc
1135 1384 1177 1432 Ve-

155 1466 286 1531 addiderit,
302 1485 386 1535 resque
399 1468 469 1534 plane
483 1468 584 1517 diversas
593 1472 651 1518 Ter·
683 1479 760 1518 terum
772 1469 824 1518 loca
837 1469 998 1535 producimus‚·
1015 1487 1067 1519 cum
1080 1469 1115 1518 ibi
1128 1468 1178 1519 obi·

156 1569 214 1601 msm
235 1562 260 1601 et
280 1554 393 1603 ramam
414 1571 461 1602 una
485 1556 649 1603 coniunxerit:
684 1564 721 1603 ter
744 1565 850 1618 tantum,
875 1555 915 1604 hic
935 1573 985 1603 rem
1010 1573 1039 1604 err
1062 1554 1178 1604 industria

157 1639 197 1687 Et
222 1641 286 1687 orele
312 1646 422 1688 torretes
445 1641 531 1688 incedi
553 1641 651 1688 reddere
683 1642 786 1706 agimus;
804 1639 915 1703 diversis,
932 1651 960 1688 ut
981 1640 1119 1704 fierisolet,
1136 1639 1178 1688 bo·

160 1738 254 1773 eorm.
279 1724 351 1772 Recte
371 1724 410 1773 illi
430 1724 525 1790 quidem
544 1736 568 1774 et
583 1741 651 1774 rere:
684 1727 773 1773 minum
794 1724 889 1773 iudiciis
914 1727 1047 1774 coniectura
1062 1725 1121 1774 haec
1138 1742 1178 1774 ex·

155 1808 214 1875 quid
238 1810 300 1857 cuim
325 1817 394 1858 torno
417 1827 470 1858 cum
493 1809 605 1860 incude?
624 1811 651 1860 Si
683 1819 751 1875 cepta
775 1820 818 1860 est.
844 1810 925 1859 Plures
947 1821 972 1859 et
993 1812 1019 1859 in
1039 1810 1078 1859 bis
1099 1826 1178 1859 omnes
1245 1826 1247 1830 ’

156 1893 252 1961 quidem
272 1893 382 1958 horest,
404 1895 467 1961 quod
481 1898 532 1962 ipse
547 1898 594 1944 iam
611 1895 646 1945 di·
678 1887 845 1962 χάριέστεροι
862 1905 887 1944 et
902 1895 1048 1945 honestiores
1063 1896 1177 1945 assentire

155 1989 238 2042 xerat,
263 1982 413 2044 Delphinum
429 1985 504 2031 silvis
519 1984 652 2048 appingere
684 1992 709 2031 et
730 1981 855 2047 plaudere;
881 1982 993 2033 Graevius
1016 1983 1141 2047 praecipue
1163 1978 1177 2029 ὃ
1200 1963 1208 1975 ⁴

150 2067 274 2130 fluetibus
293 2082 387 2131 aprum.
412 2069 459 2133 Ego
479 2085 534 2116 vero
556 2069 652 2116 Venusi-
684 2069 847 2134 μακαρίτης,
873 2077 897 2116 et
918 2077 1002 2117 natura
1023 2077 1048 2116 et
1067 2066 1179 2116 diuturne

144 2142 213 2200 'num
230 2160 349 2215 nostrum,
366 2150 464 2215 subtili,
480 2154 501 2200 si
514 2152 652 2218 quisalius,
685 2169 730 2201 usu
750 2151 822 2200 iudex
839 2154 994 2215 accerrimus,
1017 2163 1045 2201 ut
1061 2153 1180 2218 quantivis

156 2246 182 2285 et
203 2237 317 2300 castigato
341 2235 430 2285 iudicio
450 2246 557 2302 poetam,
583 2247 650 2286 extra
684 2254 734 2285 eam
751 2239 823 2302 pretii
840 2237 959 2286 sodalibus
973 2236 1084 2286 laudare:
1101 2237 1178 2286 literis

157 2321 252 2386 culpam
273 2338 322 2370 esse
346 2320 411 2370 dico:
438 2320 529 2370 codices
546 2332 656 2370 autema
688 2321 718 2370 ad
738 2338 775 2369 me
795 2321 857 2370 datis
876 2322 904 2370 lt
919 2322 976 2370 Non.
998 2322 1053 2370 Dec.
1070 2321 1178 2384 tremit,
1236 2355 1238 2360 -

157 2405 339 2457 dormitantibus
353 2405 466 2455 Librariis
480 2423 528 2456 esse
542 2407 653 2473 deprava·
684 2423 732 2456 aare
747 2408 912 2455 coniecturum
925 2406 1016 2470 dicere,
1033 2408 1077 2456 sed
1088 2415 1179 2456 cutem

156 2503 201 2542 tos.
212 2493 335 2542 Videamus
345 2492 423 2541 locum
433 2495 564 2558 integrum:
575 2494 652 2551 Quin·
684 2493 890 2554 emendatiorum
909 2509 980 2557 poem
995 2495 1039 2557 qui
1054 2495 1139 2542 videat
1153 2501 1180 2543 et

155 2581 216 2629 tilio
231 2581 257 2628 si
273 2579 334 2644 quid
347 2581 480 2642 recitares,
499 2580 601 2644 Curiga
614 2595 651 2627 se-
681 2595 730 2627 nore
744 2580 846 2643 pedet,
870 2594 924 2627 eam
944 2580 973 2627 ie
988 2581 1029 2628 his
1044 2581 1115 2628 redeas
1129 2595 1179 2629 coe·

156 2666 198 2714 des
215 2666 280 2727 Iler,
296 2666 393 2727 aiebat,
407 2672 433 2712 et
449 2667 505 2725 hoc,·
519 2666 609 2712 arelius
626 2671 650 2711 te
682 2665 771 2711 ctorem
785 2679 836 2712 esse
849 2666 936 2727 quaeis
950 2667 1025 2730 tapso.
1046 2666 1119 2715 Recte
1132 2667 1180 2715 iam

152 2765 226 2816 posse
237 2765 353 2815 negares,
367 2751 416 2798 Bis
429 2757 512 2812 terque
525 2756 651 2814 expertum
683 2758 768 2797 natura
784 2759 943 2814 comparatum
956 2760 1005 2814 eet,
1022 2761 1050 2798 ut
1066 2752 1091 2800 in
1107 2768 1133 2799 re
1148 2751 1179 2800 li·

148 2833 276 2896 smtre?
299 2835 377 2883 delere
398 2835 509 2896 iubebat,
535 2835 573 2882 Et
587 2835 650 2882 mole
682 2835 769 2882 terasia
781 2850 873 2899 semper
884 2834 940 2883 vilis
952 2852 1044 2884 annona
1057 2838 1088 2884 sit
1100 2836 1179 2884 istitu-

158 2927 268 2968 rariores
277 2920 364 2967 incedi
370 2919 470 2967 reddere
477 2934 569 2968 versas.
576 2920 652 2968 linim-
684 2918 748 2967 modi
761 2919 889 2985 talparum
902 2922 944 2985 qui
955 2919 1030 2968 doctis
1042 2930 1113 2986 atque
1125 2937 1179 2970 ocu-

157 3022 212 3054 vero
229 3003 391 3069 corrigendum
409 3006 460 3068 aio,
483 3005 521 3052 Et
536 3007 598 3052 arole
615 3012 655 3053 tea·
686 3005 810 3055 latioribus
832 3015 856 3054 et
877 3004 1049 3054 oblectamento
1067 3007 1131 3069 siut,
1153 3016 1179 3054 et

156 3098 229 3139 uetes
244 3090 331 3138 incedi
344 3090 442 3138 reddere
454 3105 546 3139 veresas.
560 3089 605 3138 Ubi
617 3089 652 3138 le-
684 3092 856 3161 comparatione
872 3091 975 3156 pretium
992 3091 1124 3158 famamque
1137 3107 1179 3140 nu-

156 3177 251 3226 sissima
271 3192 325 3224 sene
347 3178 448 3224 mutatio
464 3185 510 3235 est;
534 3178 651 3224 sententia
682 3185 766 3241 geant:
780 3178 811 3226 Ire
824 3177 865 3224 his
879 3177 1014 3225 &anemae
1027 3193 1112 3226 nonen
1120 3193 1178 3242 pre-

79 3268 84 3275 '
157 3279 212 3311 vero
228 3263 276 3310 iam
293 3244 356 3310 clera
372 3271 397 3310 ct
414 3263 544 3327 perspicua.
566 3262 653 3326 Qnere·
677 3264 770 3322 fitetur
792 3277 875 3323 seem,
897 3263 939 3327 qui
955 3261 1020 3310 Notis
1035 3262 1066 3311 ad
1080 3263 1107 3312 h.
1124 3263 1178 3311 cet-

157 3350 204 3412 ris,
229 3350 322 3414 inquit,
344 3347 486 3412 Quintilius,
509 3357 533 3395 te
551 3347 588 3396 bis
604 3357 651 3396 ter·
683 3346 743 3395 lium
753 3347 781 3395 N.
792 3347 917 3410 s.1x,8,
930 3357 1011 3398 contra
1026 3347 1087 3398 banc
1101 3365 1178 3398 emen·

157 3451 204 3500 que
218 3435 306 3482 frustra
319 3443 428 3482 conatum
441 3449 581 3482 esseversus
593 3434 651 3481 istos
683 3431 800 3481 dationem
829 3433 942 3482 cornicari
970 3432 1062 3499 aliquid
1084 3432 1178 3481 voluit:

157 3518 282 3569 lambendo
304 3529 329 3568 et
349 3517 459 3584 fingendo
477 3518 585 3567 meliores
600 3517 652 3566 red·
684 3516 793 3583 quodque
805 3519 853 3566 iam
864 3535 879 3566 a
889 3517 1001 3567 decennio
1012 3508 1176 3582 consueverat,

157 3602 231 3654 dere?
250 3605 286 3653 Tu
305 3622 375 3669 vero,
397 3607 439 3671 qui
457 3613 494 3652 ter
510 3603 570 3652 mule
587 3605 650 3652 exie·
682 3603 857 3652 contumeliosis
888 3620 925 3652 me
954 3603 1032 3653 verbis
1061 3605 1177 3669 accipere.

158 3698 215 3737 runt
225 3706 305 3738 versus
314 3707 407 3756 prorsus
418 3689 506 3753 ebiice,
520 3706 596 3755 neque
605 3690 652 3738 iam
683 3688 820 3753 Videamus,
843 3707 873 3738 an
889 3690 951 3738 forte
967 3706 1010 3754 per
1026 3689 1136 3738 obscurae
1152 3698 1178 3738 et

159 3775 239 3823 limam
254 3775 355 3841 amplius
370 3775 456 3824 adhibe
470 3775 500 3825 ad
514 3793 552 3824 eos
565 3776 653 3823 frustra
685 3775 833 3824 faeculentae
853 3777 965 3823 orationis
988 3774 1102 3837 nebulas,
1119 3773 1179 3840 quid

159 3859 295 3926 poliendos,
319 3860 360 3908 sed
380 3860 465 3909 incude
485 3863 564 3927 potius
586 3870 652 3908 utere
686 3859 778 3908 demum
794 3859 840 3907 sibi
856 3859 929 3920 velit,
953 3861 1084 3924 perspicere
1100 3859 1178 3910 valea

159 3944 287 3995 formandis
300 3956 325 3994 et
338 3945 480 3995 fabricandis
492 3948 565 3995 novis.
582 3946 653 3995 Recte
686 3961 744 3994 mus.
770 3946 828 4009 Ergo
848 3942 874 3991 id
889 3945 991 4009 primum
1014 3944 1076 3992 velle
1100 3943 1179 3994 dicere

158 4042 252 4096 antem,
277 4032 366 4081 lasau
382 4039 420 4081 ter
433 4034 496 4080 mele
512 4039 598 4080 notos:
618 4034 653 4081 its
684 4029 779 4080 videtur
801 4029 864 4093 (nam
886 4027 914 4076 de
936 4039 1014 4078 mente
1035 4031 1087 4080 cius
1101 4029 1180 4081 bario·
