2752 4844
511 364 570 422 Al)
602 363 822 423 PISONES.

172 563 345 636 ¹Versibus
367 565 537 658 impariter
557 565 679 634 iunctis
700 566 906 663 querimonia
927 569 1095 661 primum,

153 792 212 839 stis.
232 789 305 837 Recte
319 805 411 853 quoque
423 791 539 837 mortalia
547 799 647 851 cuncta,·
681 793 729 839 loeo
744 792 911 838 absterserunt
916 812 926 852 ,-
949 801 986 839 et:
1003 808 1055 838 meo
1071 789 1178 855 periculo

154 887 182 924 ut
191 875 333 924 Prudentius
344 875 462 940 Psychom.
472 892 494 923 v.
504 878 559 924 493.
577 877 650 924 Omne
682 875 722 924 hic
743 875 818 924 scribe
840 878 956 924 mortalia
974 885 1069 925 cuncta.
1092 877 1176 924 Parum

154 963 277 1010 leoninum
290 963 360 1024 rapit
373 962 419 1007 illu
429 977 522 1025 genus,
533 962 650 1009 mortalia
683 961 776 1023 abfuit,
791 963 848 1026 quin
863 979 905 1026 ego
919 961 1029 1010 dixerim:
1039 960 1115 1009 scribe
1126 978 1178 1010 meo

154 1031 241 1095 cuncto
263 1047 376 1110 Occupat.
400 1046 464 1095 Idem
487 1058 566 1095 contra
585 1047 650 1112 Sym·
683 1048 788 1112 periculo
809 1050 927 1095 mortalia
944 1050 1031 1095 saeclo.
1053 1048 1101 1095 Hoc
1118 1046 1178 1094 mihi

154 1132 231 1180 mach.
245 1135 270 1194 l,
285 1135 339 1181 429.
357 1140 382 1180 et
398 1135 451 1180 ordi
464 1135 611 1196 Imperituc,
626 1140 651 1179 et
684 1151 760 1182 coram
778 1134 822 1181 tali
837 1134 949 1197 Britanno
968 1150 1058 1180 sumere
1074 1150 1121 1181 non
1136 1149 1178 1181 au·

153 1226 241 1266 cuncta
249 1227 338 1282 potens
346 1221 463 1266 mortalia
473 1220 560 1266 calcus.
576 1229 600 1266 et
613 1221 646 1281 li,
681 1218 772 1267 debnm.
787 1221 882 1267 lntuere
905 1230 982 1267 tamen
995 1219 1117 1266 literarum
1136 1218 1178 1266 du·

153 1308 210 1353 601.
233 1305 353 1352 Miscebat
365 1306 467 1351 Bellona
482 1314 572 1368 potens
586 1321 648 1352 mor·
681 1315 749 1367 ctus,
768 1316 792 1353 et
809 1305 919 1354 Fdffla
937 1304 1038 1352 sotem
1054 1306 1131 1351 minus
1143 1303 1179 1352 di·

155 1391 219 1438 talia
233 1397 329 1438 cuncta.
344 1400 368 1437 et
382 1392 437 1438 657.
452 1407 509 1437 nom
521 1407 575 1438 cum
587 1408 649 1438 mor-
682 1391 776 1439 scedere
801 1390 931 1454 fateberis,
961 1408 1031 1456 quam
1056 1389 1141 1437 From
1163 1407 1178 1439 a

154 1479 217 1525 tolla
242 1485 330 1524 cuncto
359 1485 471 1524 vetustos
496 1479 646 1538 hominunm
680 1477 776 1539 CVLTA,
793 1480 862 1539 et,si
876 1495 922 1525 non
934 1478 1024 1537 minus,
1039 1486 1103 1524 certe
1114 1473 1178 1523 haud

151 1565 216 1610 mili
229 1565 302 1628 leoga
315 1563 369 1610 dice
384 1564 456 1610 aliud
466 1565 541 1626 parit
553 1580 646 1612 aevum.
680 1566 761 1628 magis.
773 1562 926 1611 ludicandum
937 1564 1023 1628 igitur,
1038 1573 1118 1610 utrum
1132 1579 1180 1610 me·

150 1647 195 1696 Ubi
216 1650 291 1713 ipsam
314 1649 384 1713 plane
409 1650 486 1697 Flacci
506 1651 647 1698 sententiam
681 1649 728 1696 lius
752 1648 782 1696 ad
806 1650 947 1703 sententiam
971 1649 1052 1696 faciat.
1078 1648 1102 1695 si
1119 1650 1178 1696 Ben-

149 1733 244 1801 habes,
253 1734 369 1782 Vetustos
378 1743 465 1782 cuncte
475 1737 593 1782 mortalia
601 1737 647 1781 im·
681 1735 765 1782 tleium
782 1735 902 1800 sequeris,
917 1735 1026 1781 Horatius
1042 1732 1086 1780 hoc
1104 1733 1175 1781 dicit:

149 1822 253 1868 minuet.
270 1821 384 1868 Ammian.
398 1821 502 1869 Marcell.
521 1823 644 1884 nllus.
678 1822 723 1868 Nos
744 1831 769 1868 et
784 1831 862 1868 nostra
877 1819 990 1868 debemur
1004 1821 1085 1868 morti:
1105 1817 1178 1867 condo

150 1904 179 1953 de
195 1905 261 1953 thus
282 1905 392 1971 loquens:
418 1907 493 1968 Alii,
510 1923 590 1972 genus
602 1909 645 1971 pr·-
678 1924 748 1972 0pera
765 1906 895 1971 stupenda,
921 1916 987 1954 muta
1005 1907 1090 1954 faciem
1107 1916 1177 1954 natu·

148 1983 264 2040 inunum
295 1995 387 2040 calcare
413 2002 501 2041 cuncta
529 1997 647 2042 mortalia
679 2011 733 2056 rae,
752 2004 837 2041 cuncta
853 1993 896 2042 illa
913 2009 982 2057 opera
997 1991 1123 2056 peribunt,
1137 2009 1179 2040 nc·

148 2086 296 2126 consuetum.
315 2080 342 2125 Et
356 2079 429 2140 XXV,
444 2080 473 2140 4,
495 2078 523 2126 dc
540 2080 645 2127 Iuliano:
681 2078 736 2126 dum
760 2097 834 2127 sermo
855 2081 886 2127 sit
907 2078 1054 2127 immortalis.
1082 2079 1109 2126 ln
1130 2094 1177 2143 quo

151 2165 229 2227 Opum
250 2171 399 2224 contemtor,
426 2166 544 2211 mortalia
562 2173 649 2211 orosto
682 2165 749 2211 mihi'
762 2164 806 2212 lroc
828 2182 874 2212 non
891 2165 983 2228 placet,
1004 2163 1083 2229 quod,
1106 2181 1178 2228 quum

149 2249 295 2312 dcqoicieoe.
316 2248 409 2295 Tacitus
430 2248 513 2296 Aunnl,
532 2249 593 2311 xlv,
608 2251 649 2297 54.
682 2249 792 2296 Horatius
816 2251 931 2313 posuisset
952 2250 977 2295 in
999 2250 1116 2312 principio
1135 2266 1179 2298 nos

150 2334 218 2392 Quae
237 2334 346 2396 quidem,
369 2341 399 2380 ut
418 2336 498 2380 munla
516 2336 647 2397 mortalia,
682 2342 707 2382 et
720 2342 889 2396 noctra‚nunc
903 2343 995 2382 tantum
1008 2341 1180 2382 noctruexem·

147 2420 219 2481 iufra
249 2427 317 2466 tuum
348 2421 545 2484 ottogoitudlnem
571 2422 664 2472 iacet..
680 2419 726 2485 plis
742 2419 862 2482 illustrat,
877 2435 920 2468 noe
933 2430 1027 2482 autem,
1041 2418 1179 2484 quodprae-

148 2506 177 2553 Et
194 2504 283 2553 ibidem
297 2507 323 2568 1,
338 2509 377 2554 72.
395 2507 489 2554 Cuncta
505 2509 648 2555 mortalium
682 2507 775 2571 cipuam
789 2507 835 2553 vim
847 2504 933 2567 habet,
943 2507 999 2571 quia
1008 2508 1116 2554 lemniuec
1124 2506 1178 2571 plu-

148 2595 263 2655 o'ooerto‚
297 2601 432 2656 quantoque
456 2596 523 2640 solus
545 2594 649 2656 adeptus
681 2595 713 2640 ris
727 2602 782 2640 sunt
795 2609 865 2658 quam
879 2608 951 2655 opero
964 2591 1177 2655 hominum,omit·

139 2678 225 2741 soret,
252 2686 323 2726 toute
344 2694 370 2726 ce
388 2680 473 2744 magle
493 2681 522 2725 a'o
543 2680 644 2727 lubrico.
679 2679 718 2725 tit.
736 2680 762 2725 ln
779 2678 826 2724 fine
843 2678 974 2725 sententiae
990 2679 1084 2725 omnino
1098 2679 1176 2743 requi·

148 2764 254 2812 Ceterum
266 2766 313 2812 iarn
326 2763 414 2812 dudum
430 2763 474 2811 hoc
483 2782 512 2812 ex
527 2765 647 2812 coniectu·
679 2764 741 2810 ritur
758 2764 852 2827 gravius
868 2773 1046 2828 argumentum,
1063 2780 1109 2828 quo
1123 2780 1177 2829 pro-

146 2866 174 2899 ra
190 2852 224 2897 ita
239 2847 428 2910 emendaverum,
455 2859 479 2896 et
496 2866 549 2896 cum
567 2850 648 2896 amicis
680 2847 763 2910 betur,
779 2866 825 2897 non
839 2865 887 2896 esse
901 2849 998 2910 mirum,
1012 2849 1033 2896 si
1045 2866 1119 2896 sermo
1130 2866 1177 2898 nou

147 2934 269 2983 nonnullis
284 2935 520 2988 communicaveram
540 2950 647 2998 cumpo·
679 2935 711 2981 sit
725 2934 870 2982 immortalis.
895 2934 971 2998 Atque
989 2933 1033 2981 hoc
1051 2951 1179 3000 conseque·

147 3030 198 3068 stea
229 3021 254 3066 in
284 3035 365 3066 manus
390 3035 452 3066 meas
479 3020 545 3067 venit
571 3018 647 3068 Codex
680 3037 748 3082 mur,
774 3020 895 3085 legentes:
922 3021 1052 3068 Mutantur
1067 3020 1178 3080 fornoum

146 3106 277 3167 Galeanus,
301 3106 344 3169 qui
362 3104 464 3151 evitem
482 3106 532 3153 sine
551 3105 602 3153 ulla
619 3104 648 3153 li·
680 3122 723 3154 uos
739 3114 882 3169 oestroque,
903 3107 957 3153 eive
973 3115 1083 3170 receptus
1100 3109 1178 3155 Terra

147 3201 201 3241 ture
218 3209 258 3239 sen
274 3191 351 3238 literis
368 3201 489 3239 exaratum
505 3190 585 3239 habet.
608 3191 648 3238 Ge·
668 3192 813 3257 'Neptunus
827 3193 919 3240 classes
929 3194 1085 3255 aquilonibus
1094 3201 1176 3257 ercet,

147 3279 194 3329 teri
211 3276 307 3343 quidem
324 3269 403 3324 omnes
420 3294 473 3324 cum
489 3277 593 3342 vulgatis
612 3279 648 3326 fa·
683 3279 755 3325 Urbis
777 3294 849 3342 opus,
874 3280 1003 3327 sterilieee
1020 3282 1095 3343 palus
1118 3282 1177 3328 olim

147 3367 228 3427 ciunt,
251 3380 327 3428 neque
350 3362 408 3411 adeo
432 3365 517 3410 mirum
536 3365 557 3411 si
575 3368 650 3412 cz'ccto
682 3366 872 3427 optoqucremis
885 3366 985 3413 Vicinus
998 3367 1177 3428 urleeulit,et

147 3449 308 3514 compendiose
323 3450 437 3512 scriptum
448 3449 552 3510 insucto
562 3451 647 3499 transi·
676 3465 755 3514 grove
773 3452 854 3498 sentit
869 3458 996 3512 aratrum,
1017 3453 1065 3499 Seu
1077 3467 1176 3499 cursum

141 3524 196 3591 ’που
218 3536 356 3599 praesertim
373 3551 426 3582 cum
444 3533 559 3582 arrideret
576 3553 644 3583 nasu·
676 3537 786 3583 mutavit
808 3537 923 3598 iniquum
933 3536 1057 3600 frugibus
1079 3538 1176 3599 emole,

148 3620 206 3667 tulis
227 3619 436 3693 interpolatoribus
456 3619 546 3667 bellum
568 3620 644 3682 illud,
677 3622 772 3668 Doctus
784 3623 837 3668 iter
849 3622 952 3669 melius:
962 3623 1080 3669 mortalia
1095 3623 1176 3670 saecla

145 3716 175 3753 ut
196 3704 335 3768 videbatur,
363 3705 511 3768 antitheton,
529 3707 604 3767 sacta
621 3716 646 3754 et
672 3699 806 3772 perideum,
829 3708 926 3755 Nedum
941 3709 1177 3756 emmoniestetlao-

146 3793 225 3839 veclo.
249 3790 406 3839 flerimus,
631 3805 632 3809 ’
676 3809 720 3840 noc
741 3801 767 3840 ct
782 3795 872 3857 gratio
893 3795 976 3842 vivon.
1000 3791 1059 3856 Quid
1078 3792 1176 3859 loquor,
1213 3826 1216 3833 -

178 3877 237 3925 Mira
251 3893 289 3924 res
301 3875 466 3924 coniecturalis
479 3877 572 3927 critica.
586 3879 645 3927 Bcn·
678 3880 724 3939 nit,
740 3878 769 3925 de
783 3877 894 3942 operibus
907 3876 1027 3925 hominum
1042 3895 1112 3927 mauu
1123 3897 1177 3929 con-

146 3963 220 4012 tleius
246 3961 318 4009 dicit:
344 3962 464 4024 Spondere
490 3965 540 4010 tili
564 3967 646 4012 ausim
679 3964 753 4012 ditisi‘
768 3964 816 4026 lpsi
832 3961 958 4025 homines‚‘
969 3964 1017 4010 suis
1033 3963 1085 4012 istis
1100 3967 1185 4030 operi-⁴

145 4064 183 4098 me
205 4048 436 4098 inhonestissimam
457 4049 533 4096 lolem
552 4064 583 4097 eu
601 4051 643 4098 loe
675 4048 719 4097 bus
732 4048 802 4112 longe
817 4049 929 4113 maiores,
943 4048 1069 4116 peribunt:
1087 4060 1112 4098 et
1124 4068 1179 4118 spe·
