2752 4844
528 379 588 438 an
619 379 834 440 r1s0uns.
1132 334 1196 440 161¹

204 578 380 650 Offendnm
406 581 441 648 in
465 576 592 672 nugis?
616 579 679 650 hae
703 602 812 672 nugae
843 581 926 649 serie
948 579 1074 650 ducent

204 698 242 767 ln
267 698 354 767 mala
381 696 527 767 derisum
550 697 651 767 semel
676 705 921 792 exceptumque
946 698 1086 767 sinistre.

168 1000 317 1050 pervacuum
326 988 401 1050 plene
416 987 553 1050 depectere
573 992 666 1033 manet.
700 987 777 1033 minus
785 984 905 1050 elegantes
912 987 947 1034 ita
955 1002 1033 1035 amare
1041 986 1156 1051 legimus,
1166 995 1195 1034 ut

173 1072 222 1120 lam
242 1088 322 1120 versus
338 1081 409 1121 natus
433 1080 466 1120 est
484 1073 603 1135 primam.
628 1071 668 1118 Bis
700 1069 843 1119 indamnum
851 1072 1005 1133 referant‚si
1013 1070 1154 1133 deleantur,
1172 1080 1197 1118 et

173 1156 318 1207 emendavit:
342 1166 412 1206 natus
436 1166 472 1206 est
489 1158 600 1206 tertiam.
625 1156 669 1204 Ter
701 1171 726 1204 se
738 1156 842 1221 perdere
856 1164 957 1221 putent,
979 1155 1043 1221 qnod
1066 1171 1149 1205 revera
1166 1157 1198 1206 sit

172 1241 313 1292 emendarit:
319 1253 389 1292 natus
395 1252 430 1291 est
438 1250 560 1307 quartam.
568 1243 626 1306 Ergo
633 1240 669 1289 di·
700 1241 802 1290 lucrum.
815 1240 871 1289 'l'ale
880 1251 916 1290 est
924 1240 987 1289 illud
999 1240 1101 1290 hominis
1108 1243 1197 1303 iocosi,

172 1327 272 1377 cendum
286 1338 336 1377 erat
345 1335 511 1391 quaternatas
521 1327 608 1375 incedi
616 1326 669 1374 red·
701 1329 744 1392 qui
760 1328 865 1374 amioum
876 1327 979 1390 perdere
998 1328 1105 1374 malebat
1125 1342 1197 1390 queem

172 1413 228 1462 dere
244 1429 337 1462 versus.
353 1414 379 1462 Si
392 1412 450 1479 quid
465 1414 491 1461 in
503 1412 599 1461 Horatio
617 1428 668 1459 mu·
700 1412 802 1460 dietum.
818 1410 920 1459 Verbum
936 1411 1018 1460 eadere
1031 1422 1082 1461 erat
1095 1413 1122 1460 in
1134 1410 1199 1460 MSS.

172 1497 268 1547 tandum
278 1515 326 1548 esse
334 1497 456 1559 videatur,
475 1498 606 1563 praeferam
617 1512 668 1544 ma·
700 1496 764 1562 apud
776 1497 857 1546 Fearn:
873 1506 897 1545 et
910 1506 974 1545 reete
983 1498 1112 1562 opponitur
1118 1496 1199 1558 desen·

172 1584 331 1647 lesosntetea,
340 1581 531 1632 sieutivolebant
546 1583 667 1647 llenagius
698 1583 776 1630 denti.

171 1667 203 1717 ad
230 1667 346 1717 ldalherb.
373 1684 428 1733 pag.
452 1668 518 1730 456,
542 1667 668 1729 Heinsius,
735 1667 804 1725 Quin
829 1669 884 1716 sisse
907 1670 986 1716 rivali
1010 1676 1081 1731 taqsee
1102 1677 1128 1717 et
1155 1677 1199 1719 tea

171 1753 284 1816 unietur,
301 1753 351 1803 alii.
374 1751 447 1818 quue
464 1750 580 1817 probabat
597 1752 667 1800 Hem-
699 1754 766 1800 aelus
795 1767 898 1803 emeras.
931 1752 1005 1819 Saepe
1029 1753 1198 1817 animadverti,

171 1839 304 1889 sterhusius
320 1838 428 1903 exemplo
441 1836 559 1886 Diomedis
571 1839 597 1886 in
612 1837 668 1885 Arte
701 1854 746 1886 neo
766 1838 889 1901 meliores,
912 1848 988 1904 puto,
1005 1840 1148 1904 interpretes
1165 1841 1201 1888 ef-

171 1925 272 1974 (lramm.
290 1940 345 1989 pag.
362 1925 418 1974 27³.
445 1923 595 1972 Subimede
611 1924 668 1970 lite-
701 1923 782 1988 fugit,
814 1923 938 1972 Horatium
967 1926 1056 1990 scripta
1084 1925 1200 1974 Ciceronis

171 2013 243 2059 rers'u
266 2011 383 2058 dociliter
401 2008 555 2072 producendo
576 2006 669 2073 (procu-
701 2007 831 2074 diligenter
861 2008 956 2074 legisse.
989 2009 1070 2059 Veluti
1096 2009 1201 2059 urbanus

171 2094 257 2161 dendo)
265 2097 412 2156 sensatum.
430 2092 572 2142 Prudentius
588 2102 668 2142 eontra
700 2092 741 2142 hie
774 2095 841 2143 iocus
870 2097 942 2143 etiam
974 2094 1038 2160 apud
1067 2096 1201 2145 Ciceronem

170 2181 302 2247 symmach.
319 2183 345 2242 1,
369 2182 424 2227 102.
450 2181 515 2226 Eece
538 2179 617 2225 Deum
640 2179 670 2225 in
702 2179 824 2226 invenitur
851 2181 878 2228 in
907 2180 1011 2244 Epistola
1039 2180 1071 2229 ad
1096 2181 1201 2230 Atticum

170 2282 269 2315 manere
281 2266 410 2325 feramina
431 2269 568 2310 etaemus
583 2262 670 2309 adstas
700 2262 743 2325 tl,
759 2264 783 2310 3.
811 2264 896 2311 Ileier
916 2265 1043 2312 nebulonis
1064 2267 1202 2315 eliretiene

173 2353 267 2422 Graius
281 2352 356 2399 hemo.
382 2346 427 2397 Ubi
447 2347 557 2395 Heinsius
574 2344 670 2394 volebat
701 2348 728 2394 si
750 2348 849 2396 Bretea
872 2349 965 2396 moveri
983 2356 1086 2413 potest,
1116 2351 1202 2400 licebit
1280 2352 1300 2377 ’-

172 2443 294 2487 tornetas.
701 2448 755 2481 eum
787 2435 854 2482 solea
891 2449 975 2495 ensem
1013 2450 1051 2484 mo
1080 2438 1203 2486 annulum

202 2525 235 2572 Si
247 2521 373 2584 defendere
385 2520 513 2582 uerum,
529 2533 601 2581 quem
614 2533 667 2567 eer-
697 2534 746 2567 nen
766 2519 871 2569 babebis.
896 2519 974 2585 itque
995 2518 1065 2583 hine,
1089 2522 1112 2570 si
1132 2537 1203 2588 argu·

171 2615 222 2658 tare
230 2609 324 2657 melles.
333 2607 429 2655 Veteres
440 2603 586 2654 Scholiastae
594 2605 668 2652 inter-
700 2613 806 2654 mentum
832 2606 1011 2671 requireretur,
1038 2607 1126 2656 veritas
1150 2607 1203 2657 vul·

170 2703 296 2759 pretantnr
310 2700 415 2741 mettere.
431 2688 478 2739 Sed
493 2687 532 2737 bis
546 2697 570 2737 et
583 2696 620 2738 ter
629 2705 669 2739 ex·
701 2697 770 2754 gatae
808 2690 938 2754 scripturae
980 2690 1113 2740 confirmari
1149 2709 1202 2757 pos·

170 2770 253 2845 pertus
269 2787 320 2845 erat
330 2777 453 2825 mutarein
461 2774 554 2824 melius.
564 2774 667 2824 Fmstra.
700 2784 737 2823 set
769 2783 850 2824 contra
881 2774 982 2824 alteram
1014 2791 1108 2840 essuper
1136 2793 1203 2827 eme-

171 2864 318 2913 anlaenim
332 2862 433 2911 mutatio
446 2859 563 2924 Quintilio
575 2860 669 2908 satissa·
701 2875 754 2923 res,
780 2875 840 2926 quae
860 2861 885 2910 in
906 2859 1027 2913 nonnullis
1041 2871 1142 2927 apparet
1162 2862 1203 2912 θο-

172 2948 259 2998 ciebat.
291 2948 368 3013 Igitur
391 2943 492 2994 iubebat
516 2941 606 2993 delere.
645 2944 672 2994 Si
702 2943 804 2994 dicibus.

171 3045 244 3102 poeta
263 3032 351 3082 malurn
376 3047 468 3081 versum
488 3028 572 3077 mallet
587 3027 670 3078 defen·
733 3031 786 3080 Nee
799 3031 877 3096 diret,
889 3048 933 3082 eur
945 3035 1106 3099 egeeme'essm
1120 3035 1202 3098 Offen-

172 3120 243 3183 dere,
260 3136 331 3185 quam
343 3144 376 3154 -
391 3117 435 3165 ilie
452 3114 518 3164 vides
531 3116 622 3181 requiri
634 3140 669 3159 e·-
701 3115 757 3165 dum
777 3120 807 3166 s'n
823 3120 909 3183 nugis.
933 3119 985 3168 Nee
1006 3120 1073 3167 dicet
1088 3136 1204 3186 propaga·

172 3223 243 3272 quam
267 3204 364 3266 eadere,
388 3200 514 3250 camede-e
538 3199 670 3264 Quintilio,
704 3211 755 3249 turn
781 3211 816 3250 est
839 3200 887 3251 hue
909 3190 983 3269 usqne
1005 3220 1035 3253 ex
1057 3203 1203 3256 editionibus

172 3293 251 3343 iacere
272 3287 336 3357 qnod
359 3285 489 3352 Quintilius
504 3283 635 3349 suadebat,
651 3287 673 3336 si
705 3288 795 3351 priscis.
817 3288 848 3335 lt
866 3287 958 3337 codices
973 3290 1069 3354 seripti,·
1095 3300 1122 3339 ut
1138 3290 1204 3357 apud

172 3392 265 3427 versum
286 3375 324 3425 vel
346 3375 380 3423 sie
395 3371 469 3420 vellet
492 3387 598 3434 servare,
621 3388 670 3420 non
702 3371 857 3421 Pulmannum
882 3374 1096 3441 Bersmannnmque
1122 3375 1205 3426 videro

173 3462 261 3513 delere.
278 3457 613 3519 Locuseerteesdi,msstendi
627 3473 674 3506 non
707 3467 758 3520 est,
780 3475 810 3507 er
830 3460 916 3508 nostris
938 3471 1002 3509 certe
1018 3459 1099 3510 decem
1134 3463 1205 3510 utin

173 3549 275 3615 amplius
295 3543 485 3612 relinquebatur.
518 3543 594 3606 Quare
615 3543 671 3591 seri-
704 3542 742 3591 his
758 3559 837 3592 omnes
853 3547 1005 3595 vetustioress
1021 3547 1206 3596 FietArieter·

174 3632 278 3682 bendum
292 3642 340 3695 est,
354 3630 406 3692 vel,
421 3629 453 3678 Si
467 3626 594 3688 defendere
610 3626 671 3675 deii-
703 3629 777 3677 ebrae:
798 3645 846 3678 nen
866 3631 949 3694 dicet,
971 3647 1016 3680 aar
1036 3647 1080 3697 ege
1097 3634 1207 3682 ammos

173 3726 254 3781 atem,
286 3731 357 3781 quem
389 3713 471 3763 redere
493 3713 595 3772 melles,·
620 3710 675 3776 vel,
709 3714 836 3776 Offlndem
851 3717 880 3763 s'n
895 3718 980 3782 nugis.
1003 3715 1083 3780 Quod,
1099 3719 1121 3766 si
1135 3732 1205 3769 rores

174 3802 238 3870 quod
258 3802 303 3851 uui
317 3799 451 3849 auditorum
467 3813 586 3859 meorum,
603 3798 673 3846 Uten-
706 3800 830 3864 eonsules,
858 3801 952 3867 plenius
978 3803 1111 3868 fortiusqus
1135 3804 1207 3862 exite

173 3889 257 3950 herio,
270 3889 406 3935 inurentem
413 3882 524 3932 veniebat
531 3898 541 3937 τ,
556 3884 587 3931 Si
594 3881 675 3942 defess-
707 3886 765 3951 quin
787 3895 812 3933 et
832 3886 964 3934 sententiae
985 3902 1079 3952 queque
1094 3887 1207 3954 ponderis

174 3975 232 4025 dere
247 3973 381 4032 delictam,
397 3985 470 4033 quens
488 3968 592 4032 perdere
613 3970 674 4017 mel·
704 3968 814 4018 nonnihil
839 3972 1007 4037 gravitatisque
1032 3971 1107 4023 addit.
1140 3973 1206 4023 nutt-

176 4063 218 4112 lee.
228 4061 311 4110 Poetas
319 4052 439 4106 interdum
452 4071 532 4104 versus
548 4053 673 4121 quosdam,
706 4054 809 4105 TLEllS.

1030 4134 1068 4195 ll
