2752 4844
480 367 543 429 'AD
577 366 793 429 PISONES.

148 553 375 644 'Nanaisoetur
396 571 484 640 enim
508 571 654 663 pretium
678 564 868 663 nomenque
892 571 1026 661 poetae,

161 691 195 760 Si
220 689 329 760 tribus
353 687 521 784 Anticyris
547 693 650 781 caput
669 675 851 757 insanabile
874 706 1060 779 numquam

161 808 301 879 Tonsori
324 807 437 878 Licino
459 801 669 877 commiserit.
699 805 729 876 O
755 828 817 898 ego
841 804 973 894 laevus,

162 928 229 1015 Qui
252 950 380 1022 purgor
401 926 504 997 bilem
525 924 589 995 sub
614 926 706 995 verni
726 923 887 1018 temporis
911 918 1044 990 horam!

163 1046 237 1116 Non
261 1045 347 1115 aliua
372 1044 494 1116 laceret
513 1043 651 1114 meliora
677 1050 850 1139 poemata3
876 1063 994 1110 verum

132 1325 236 1376 unguem
257 1310 397 1377 castigabit.·
414 1312 482 1360 llami
498 1313 523 1360 in
538 1311 628 1361 arbori·
659 1313 767 1377 seqnitur
783 1315 845 1378 uqui
857 1315 916 1362 vivit
931 1304 1049 1380 tamquam
1062 1313 1153 1362 nonsit

132 1394 178 1445 bns
197 1398 267 1444 nimis
282 1397 341 1447 laeti
356 1415 384 1446 ac
400 1398 548 1448 luxuriantes
564 1414 628 1446 coer·
659 1401 997 1462 sanaementis,·naucisoitur
1009 1413 1156 1462 uouwupoa·

133 1491 216 1531 centur
230 1492 254 1531 et
266 1492 410 1532 resecantur.
425 1485 497 1532 Notae
508 1482 628 1532 sunthino
660 1487 727 1533 tue.''
748 1485 821 1532 litant
834 1495 858 1532 et
879 1485 923 1534 alii
942 1485 1047 1534 homiues
1059 1485 1154 1549 inepti,

132 1568 388 1634 petitacldetaphorue.
406 1569 483 1618 Cicero
497 1569 626 1618 doScnect.
659 1583 683 1618 v.
700 1585 721 1617 o.
744 1571 786 1635 qui
810 1569 1002 1636 philosophorum
1024 1586 1109 1617 nomen
1131 1577 1159 1617 et

133 1654 172 1704 15.
198 1670 269 1717 quam
289 1657 367 1702 uitam
388 1663 523 1718 serpentem
543 1656 629 1701 malti·
660 1652 754 1702 landem
781 1653 908 1719 captabant
931 1655 1045 1720 singulari
1067 1655 1159 1702 vestitu

129 1741 196 1804 plici
213 1742 284 1804 lapsu
300 1748 326 1788 ct
341 1742 447 1788 erratico
454 1741 529 1801 ferro
547 1755 629 1803 ampu-
661 1738 788 1805 eademqne
796 1739 949 1805 negligentia.
959 1738 1093 1804 Lugendum
1104 1755 1159 1786 cen·

134 1831 192 1873 taus
215 1832 306 1874 comest
329 1841 372 1873 urs
395 1827 578 1890 agricolarum,
602 1840 633 1872 aa
664 1841 715 1873 seo:
732 1824 898 1873 Nauciscstur
913 1827 979 1874 caim
990 1826 1102 1889 pretium
1117 1840 1159 1872 uo-

134 1911 253 1958 siloescat
284 1913 417 1958 sarmentis
446 1918 470 1958 et
494 1912 524 1958 iu
554 1925 633 1957 omues
648 1949 650 1953 ,
664 1918 854 1975 msapuspactu.
871 1911 897 1959 Si
910 1911 960 1974 illi,
977 1910 1159 1986 universussa-

130 2003 220 2061 purtas
234 1997 315 2043 uimia
323 1997 457 2058 fundatur.
478 1995 577 2059 Quintil.
593 1996 632 2043 ln·
664 1997 745 2058 ciunt,
766 2012 843 2062 neque
861 1995 961 2044 barbam
974 2012 1051 2062 neque
1067 2010 1160 2060 ungues

134 2085 185 2132 stit.
210 2083 273 2132 Orat.
295 2083 380 2145 1x‚4.
406 2083 467 2146 quid
488 2097 536 2130 usu
563 2083 632 2129 cultu
664 2091 770 2145 ponunt,
784 2079 1170 2142 ethominumconsortiavitant,

134 2166 262 2217 nitescit?
284 2169 335 2215 Gur
349 2170 415 2216 vitas
431 2182 563 2215 coercemus
578 2181 629 2212 ma·
660 2167 687 2213 in
702 2168 779 2230 pretio
796 2176 867 2232 atque
880 2166 968 2216 honore
981 2166 1107 2215 hahentur.
1122 2166 1161 2213 Itu

135 2251 191 2301 uu?
207 2253 297 2301 Plinius
313 2254 386 2317 Epist.
395 2251 429 2315 ll,
440 2253 464 2300 5.
481 2251 558 2299 adhuc
566 2266 630 2314 pars
661 2267 695 2298 vs.
709 2252 764 2299 372.
772 2266 822 2308 *aaa
832 2253 882 2298 soit
894 2260 1011 2315 quantum
1023 2252 1159 2299 Cascellius

135 2340 190 2386 aius
200 2339 350 2403 perpolitum
372 2339 447 2387 Liber
462 2337 557 2396 areait;
573 2337 630 2384 dum
661 2336 756 2399 Aulus,
774 2337 822 2384 Sed
834 2343 915 2384 tamen
927 2339 956 2384 iu
964 2338 1050 2401 pretia
1060 2343 1106 2407 est.
1123 2335 1160 2384 ct-

135 2439 223 2472 aruars
233 2425 348 2488 putrium
364 2430 390 2470 at
405 2424 555 2486 amplificare
567 2437 630 2486 guu·
662 2437 716 2470 cero
732 2422 799 2470 Brut.
815 2423 856 2471 69.
877 2423 994 2492 motoria
1009 2423 1105 2486 quidem
1121 2423 1160 2470 di-

135 2510 225 2560 dsurus.
243 2513 281 2558 Tu
298 2517 379 2568 tumea
395 2511 452 2557 liaeo
467 2509 538 2572 ipsu,
557 2523 631 2571 quan·
659 2522 723 2572 gnos
731 2523 879 2571 perpaucos:
895 2524 992 2571 rerum,
1005 2509 1051 2572 pui
1063 2509 1161 2556 omniuo

136 2596 404 2660 trumratiocaogarit,
417 2609 507 2642 roseco.
524 2593 631 2658 Wytten·
662 2608 747 2640 aarum
771 2595 917 2656 habuerint,
941 2610 989 2642 aaa
1009 2595 1051 2642 ita
1068 2595 1164 2642 multos

135 2680 235 2730 bachius
245 2682 378 2729 annotavit:
394 2665 632 2743 »redteperfeolum
656 2678 751 2737 fuisse.
777 2677 921 2726 constructio
942 2677 1067 2727 verborum
1088 2681 1163 2728 etium

80 2831 82 2835 Α
136 2766 227 2830 idest,
247 2765 363 2815 adfinem
379 2764 536 2832 perductum,
552 2773 631 2811 tamen
663 2761 724 2811 hane
746 2762 932 2811 emendatibnern
948 2763 1040 2812 suadet.
1066 2763 1164 2812 Nouoi-

137 2851 215 2900 ndhuo
231 2852 365 2916 expoliatur
380 2866 469 2914 ungue.
491 2848 577 2896 Ultima
592 2865 634 2912 po-
665 2855 748 2896 scetur
759 2864 843 2896 amuco
852 2857 954 2913 poetas,
973 2851 999 2897 si
1010 2850 1160 2897 omumiserit

137 2937 212 2985 litura
223 2936 297 2985 fiebat
309 2953 356 2983 non
364 2937 531 2995 instrumento,
542 2931 584 2980 ssd
590 2949 634 2981 un-
665 2936 740 2999 magis
755 2933 860 2999 postulat
876 2936 919 2998 qui
931 2936 1088 2983 omumissrit.
1103 2934 1162 2982 Sua·

137 3039 193 3088 gne.
217 3023 324 3070 Diximus
347 3019 377 3068 ad
395 3017 517 3068 Plutarchi
536 3017 633 3067 Moralia
665 3018 705 3067 det
719 3019 820 3086 denique
835 3021 895 3067 larua
902 3035 973 3084 pars.
989 3020 1017 3068 In
1030 3021 1090 3067 dorsu
1097 3035 1162 3084 pars

138 3125 193 3175 pag.
208 3109 255 3170 86,
272 3107 318 3155 l.”
664 3104 821 3170 supplendum
830 3114 866 3152 cst
873 3104 1045 3153 substantivum
1056 3122 1085 3154 ex
1094 3114 1163 3154 unte·

143 3219 150 3224 ·
170 3195 338 3243 Nauciseatur
348 3194 414 3240 euim
417 3192 530 3256 pretium
538 3205 633 3239 uastau-
665 3188 811 3239 cedentibus.
829 3191 973 3239 Democritus
985 3191 1093 3240 excludit
1105 3208 1161 3258 poe·

138 3295 183 3345 pue
194 3288 289 3345 poetae.
306 3279 397 3326 Horatii
410 3277 512 3342 Epistola
527 3276 557 3325 ad
570 3277 632 3324 Piso-
664 3292 700 3323 sus
712 3292 786 3324 sanos.
801 3277 877 3341 lgitur
890 3275 951 3326 hona
961 3294 1015 3342 pars
1024 3287 1162 3343 poetarum,

138 3382 180 3415 nes
201 3375 237 3415 est
257 3365 348 3432 Satyra.
366 3363 437 3411 Ridet
452 3362 525 3411 malos
540 3371 630 3426 poetas.
664 3359 728 3425 (nam
751 3378 799 3409 non
824 3377 902 3410 omnes
925 3361 1057 3428 ineptiunt)
1083 3362 1167 3411 videri·

138 3453 247 3500 Deterret
259 3453 352 3499 Pisones
366 3447 472 3513 exemplo
487 3464 574 3496 eorum.
591 3443 644 3495 Loss
665 3445 749 3494 volunt
764 3447 850 3495 insani.
875 3446 914 3495 Sic
929 3449 1095 3496 nanciscuntur
1110 3446 1161 3495 lau·

140 3540 222 3602 quitur
246 3535 303 3585 adeo
329 3535 357 3583 de
381 3536 424 3596 iis,
450 3534 492 3598 qui
512 3533 559 3579 iam
578 3542 634 3580 sunt
666 3531 720 3580 dem
744 3541 769 3579 et
789 3532 901 3597 gloriam,
924 3549 971 3581 non
993 3534 1162 3581 nanciscuntur

140 3631 238 3687 poetae,
254 3621 300 3670 hoe
314 3631 363 3684 est,
376 3636 456 3668 versus
472 3619 589 3666 fecerunt.
606 3619 634 3665 lit
665 3634 749 3665 nomen
772 3628 865 3683 poetae.
895 3619 978 3666 Poetae
1002 3619 1049 3667 iam
1072 3615 1164 3665 dudum

46 3707 51 3718 '
140 3705 255 3772 quomodo
276 3707 347 3755 aliter
367 3705 396 3754 dc
413 3705 556 3770 praestantia
573 3702 635 3750 iudi·
667 3704 774 3752 fuerunt.

141 3809 194 3841 aare
210 3792 321 3856 poterat?
339 3792 366 3840 ln
381 3791 426 3839 hoo
442 3792 493 3856 ipso
509 3798 634 3855 praecepto
700 3790 778 3854 Orga
793 3791 887 3852 herus,
909 3790 959 3847 Qui
969 3803 1064 3854 purgor
1080 3789 1164 3840 bilem

141 3877 213 3927 dicit:
238 3875 405 3942 reprehendite
427 3891 536 3924 cumen:
561 3875 636 3922 nostri
668 3874 747 3923 Malim
755 3877 799 3936 qui
806 3889 909 3938 purgor.
925 3874 998 3921 Recte
1011 3883 1091 3922 autem
1100 3891 1162 3939 pur-

93 3994 96 3998 ›
136 3960 636 4030 poetaefugeruntlahoremsllemoeritus
665 3975 712 4025 gor
735 3958 773 4006 rel
790 3974 899 4023 purger,
920 3961 945 4007 vi
965 3957 1042 4008 media
1059 3948 1161 4011 nadul-

141 4047 249 4100 excludit
261 4064 329 4119 sanos
340 4053 435 4113 pactas.
453 4046 501 4094 lum
514 4054 635 4094 nonrccte
668 4061 756 4111 pauor.
772 4046 801 4094 lu
817 4044 871 4094 aliis
886 4044 1162 4111 MSS.purgo.1nedi·
1251 4062 1253 4066 ’
