2752 4844
405 384 407 389 ¹
498 378 804 440 aorrsonas
873 473 876 483 Ι
1091 380 1151 442 217
1206 338 1209 342 ⁵

51 604 53 610 ·
149 583 309 673 Ridetur,
335 580 461 653 chorda
482 582 541 673 qui
562 603 692 674 semper
713 578 846 649 oberrat
864 579 995 652 eadem:
1068 569 1148 652 356.

149 704 204 774 Sic
220 702 319 792 mihi,
339 703 395 796 qui
415 699 562 769 multum
581 708 700 789 cessat,
721 697 761 766 fit
776 697 950 786 Choerilus
966 700 1042 789 ille,
1068 708 1149 771 357.

149 821 258 910 Quem
269 819 322 892 his
334 827 450 913 terque
465 818 593 889 bonum
611 842 688 887 cum
702 817 771 885 risu
783 807 904 904 miror3
920 827 954 888 ct
967 818 1052 889 idem
1068 829 1148 889 358.

62 925 69 939 ²
151 938 310 1032 Indignor
329 937 530 1032 quaudoque
551 936 661 1006 bouus
681 934 838 1004 dormitat
858 936 1035 1006 Homerus.
1069 948 1148 1008 359.

150 1057 276 1135 Ilerum
299 1059 390 1155 operi
411 1057 513 1150 longo
538 1055 588 1124 fas
612 1064 662 1128 est
684 1052 844 1150 obrepere
864 1076 1030 1126 somnum.
1070 1067 1149 1128 360.

597 1320 602 1327 .
635 1250 673 1321 V·

150 1393 197 1462 Ut
217 1393 372 1487 pictura,
394 1392 519 1485 poesis:
543 1393 624 1479 erit,
649 1413 736 1482 quae
760 1390 787 1458 ei
809 1392 950 1485 propius
968 1401 1034 1463 stes
1072 1403 1151 1464 361.

143 1574 209 1622 visio
233 1581 354 1622 exteratur
375 1573 450 1636 prima
470 1569 576 1638 syllaba,
600 1588 637 1619 re·
669 1587 759 1634 comma,
776 1574 844 1637 quasi
857 1573 997 1621 femininum
1010 1575 1168 1623 canai.IIina'

141 1667 223 1708 manet
238 1660 322 1718 cisio,·
339 1656 401 1723 quod
415 1658 505 1706 Latinis
520 1657 637 1721 significat
668 1655 731 1704 illud
754 1657 817 1722 apud
833 1657 964 1706 Ciceronem
986 1660 1058 1724 Epist.
1080 1658 1111 1706 ad
1125 1660 1165 1708 Di-

135 1744 237 1804 soodam
253 1746 360 1808 corporis
376 1745 508 1808 strepitum
520 1743 569 1790 cdo.
591 1741 638 1806 (ae-
670 1759 746 1790 versos
762 1743 808 1805 IX,
825 1746 865 1792 22.
888 1744 956 1814 Quod
976 1746 1050 1809 vulgm
1070 1745 1166 1792 dieitur

144 1832 249 1878 curatius
269 1828 387 1894 Scaliger:
412 1830 462 1876 Duo
483 1837 547 1875 recte
562 1829 639 1892 expri-
672 1844 725 1875 cum
741 1838 815 1876 noste
828 1828 945 1877 voluimus
960 1831 1095 1892 convenire,
1109 1846 1174 1903 mam!

97 1948 101 1954 -
143 1915 314 1977 muntGraeci,
328 1912 636 1979 scopdpmicumsonitu:
670 1914 793 1961 obscenam
816 1910 876 1962 est?
910 1924 934 1961 et
963 1914 1062 1978 Quintil.
1087 1915 1166 1964 Instit

143 1999 280 2063 βδεσμὸν,
292 2001 391 2048 sineres
403 2000 482 2064 potius
493 2015 640 2065 quamaures
671 1998 733 2046 Orat.
751 1998 815 2061 IIII,
829 2000 859 2061 3,
876 1999 1041 2062 animadvertit
1056 2016 1110 2047 cum
1127 2001 1168 2048 lto-

143 2084 234 2150 t'eriat).
281 2085 378 2150 Propter
407 2083 504 2132 eandem
536 2100 639 2133 caussam
671 2080 766 2132 minam
781 2085 849 2132 motis
860 2101 907 2132 non
922 2084 1059 2133 deformiter
1071 2101 1166 2149 sonare,

142 2170 219 2220 Acron
238 2171 330 2219 Horatii
344 2173 461 2234 interpres
474 2167 504 2216 ad
522 2167 585 2216 hunc
604 2168 638 2216 lo·
670 2166 809 2216 deformiter
833 2178 913 2216 autem
932 2185 986 2217 cam
1007 2173 1075 2218 motis
1092 2171 1168 2218 leomi-

49 2291 52 2295 -
144 2271 197 2304 cum
222 2254 250 2303 de
275 2256 331 2303 Arte
353 2255 445 2302 Poetica
470 2256 582 2317 quamvis
602 2260 641 2301 est
672 2254 753 2302 nilus.

87 2404 89 2409 Ι
142 2341 252 2388 monitus
267 2350 346 2388 notat:
373 2340 437 2404 »pPro
461 2337 568 2404 eoquod
593 2347 642 2400 est,
709 2339 769 2386 Cum
789 2339 844 2386 risu
865 2341 950 2394 miror.
974 2338 1105 2405 Appuleius
1125 2341 1169 2390 ali·

143 2428 255 2490 quamm's
270 2429 322 2490 sit,
341 2435 438 2491 propter
455 2425 638 2486 κακὲμφατον,
672 2421 729 2471 cubi
744 2425 769 2471 in
790 2422 904 2490 Apologia
922 2425 1026 2488 scripsit:
1044 2440 1097 2472 cum
1112 2428 1170 2474 rc'eu

143 2514 241 2561 utllaro
255 2514 367 2576 monacis
379 2493 418 2558 est
432 2511 638 2559 rastieaMasa.’'
671 2524 804 2558 saccccaseo.

143 2598 237 2646 Interea
252 2599 349 2646 nimiam
366 2614 413 2645 esse
437 2597 587 2644 Grammatici
604 2612 641 2643 re·
706 2596 851 2658 Quandoque
876 2597 949 2644 tonos
972 2597 1092 2644 dormitat
1120 2597 1170 2644 Ilo-

143 2681 257 2747 ligionem
273 2682 360 2732 iudico.
374 2683 432 2730 llam
440 2683 532 2747 quoties
542 2680 640 2726 Romani
672 2694 760 2726 merus.
783 2680 877 2727 FrancI:
902 2682 983 2742 quand
999 2684 1023 2729 it
1036 2683 1119 2729 arrico
1136 2698 1169 2731 aa

145 2765 276 2815 utebantur
288 2769 377 2815 visita
390 2763 491 2813 visera?
503 2765 529 2811 Si
541 2778 643 2828 pronun·
677 2764 721 2810 dom
736 2763 840 2811 Homero
853 2765 882 2812 dc
897 2768 1050 2813 emnmeiller.
1068 2767 1170 2816 Wielau·

45 2850 48 2856 ’
144 2853 214 2900 tiatio
237 2862 333 2917 propter
357 2850 481 2898 discrimen
503 2847 640 2897 declinatio-
674 2846 717 2895 dus
729 2847 792 2895 illud
807 2834 882 2897 donas
896 2865 943 2898 non
960 2852 1082 2916 expressit.
1126 2862 1128 2866 ’
1151 2849 1157 2893 2.

144 2938 181 2984 nis
207 2953 253 2984 non
278 2936 347 3001 plane
372 2935 447 2983 luerit
472 2932 567 2995 eadem,
591 2949 638 2980 nou
705 2921 792 2981 Verum
813 2937 881 2998 operi
900 2937 969 3000 Imago
982 2937 1030 2997 sas
1045 2943 1084 2984 cst
1104 2937 1168 2986 obre-

144 3020 246 3069 multum
268 3031 347 3069 tamen
370 3018 460 3068 diversa
480 3019 553 3066 luisse
575 3016 640 3065 vide·
667 3028 727 3082 pore
747 3034 864 3067 somnam.
886 3020 913 3067 In
932 3020 978 3069 MS.
997 3020 1105 3071 n’orvitt.
1128 3024 1168 3071 al·

144 3115 201 3168 tur,
232 3116 259 3154 ut
288 3106 408 3171 quantitas
436 3107 462 3154 in
494 3103 579 3152 ultima
603 3111 638 3150 est
670 3118 781 3166 rumpere
800 3119 915 3153 sannam.
938 3106 1041 3154 Donatus
1056 3107 1082 3154 in
1101 3107 1168 3156 Prae·

36 3214 41 3224 ⁴
145 3190 242 3254 eadem,
267 3192 315 3239 sive
338 3190 401 3238 dicas
426 3192 491 3237 visit
514 3189 638 3250 arrisere,
673 3188 763 3236 latione
781 3187 810 3236 ad
830 3188 968 3238 Eunuchum
985 3191 1089 3240 Terentii
1104 3194 1168 3258 cogi-

143 3279 193 3326 sire
207 3278 272 3325 m'sit
288 3294 302 3324 a
317 3277 405 3324 m'sera.
431 3275 464 3322 lle
488 3271 640 3338 cacemphato
673 3271 740 3321 tabat
755 3272 819 3321 hunc
839 3274 928 3323 locum:
950 3284 981 3324 at
998 3293 1117 3340 masqrcam
1129 3279 1167 3326 di-

145 3364 216 3411 etiam
231 3373 266 3410 est
280 3362 399 3410 annotatio
412 3359 488 3408 Servii
499 3357 529 3407 ad
541 3357 638 3406 Aeneid.
672 3374 714 3406 cas
745 3360 901 3424 longitudine
922 3365 1002 3426 operis
1023 3367 1166 3412 Terentiam

143 3449 169 3510 l,
193 3449 254 3510 133,
276 3464 323 3494 non
344 3445 467 3494 intellecta
482 3461 496 3491 a
514 3442 636 3493 Barlando.
670 3443 824 3493 dormitasse.
851 3447 979 3496 *Bentleius
1010 3448 1166 3498 affirmaverat

144 3533 340 3581 seminassem
348 3527 637 3593 moilas.tlacemphaton
671 3545 749 3577 omues
772 3530 908 3598 Hieronymi
933 3532 1047 3582 editiones
1078 3533 1165 3584 habere

143 3618 171 3666 iu
186 3635 305 3680 sermone,
322 3615 384 3682 quod
400 3617 442 3677 fit,
460 3616 481 3662 si
498 3613 639 3678 particulam
675 3615 761 3662 Verum
777 3618 845 3680 operi
860 3619 931 3683 longo
938 3619 986 3679 sas
1001 3627 1041 3666 est
1056 3620 1165 3684 obrepere

143 3718 197 3750 oram
217 3718 235 3750 m
254 3702 325 3750 litera
342 3703 481 3767 sequatur.”
510 3697 638 3746 Barlandus
671 3716 785 3750 emmaum.
802 3701 895 3750 Carolus
910 3702 1012 3752 Fealroc
1025 3720 1164 3754 ncnverutu

144 3786 312 3852 cacenphaton
327 3787 395 3852 ponit
415 3787 441 3834 in
458 3785 567 3849 repetitis
590 3800 638 3832 am
673 3802 721 3834 esse
734 3786 900 3836 animadvertit
913 3786 942 3835 de
959 3788 1061 3837 editione
1078 3790 1164 3841 Ialler.

143 3874 201 3922 llam
214 3872 325 3938 Virgilius
341 3871 433 3919 dixerat
448 3885 639 3918 mamerumcmm
671 3888 693 3920 a.
717 3874 786 3921 1735.
804 3870 849 3919 Sed
870 3873 991 3922 Bentleius
1008 3890 1058 3923 eam
1080 3874 1165 3924 editio-

142 3960 247 4007 movibus
261 3965 355 4020 aequet.
368 3956 417 4003 Imo
429 3965 522 4004 veteres
537 3971 638 4021 pronun·
669 3972 723 4003 nem
746 3972 793 4004 non
813 3955 921 4020 viderat,
945 3974 1018 4023 quum
1042 3954 1164 4010 Horatium

143 4042 236 4094 tiuhaut
252 4058 296 4091 com
308 4042 418 4092 mvidiae.
435 4041 494 4106 Ergo
509 4041 637 4105 accipimus
669 4056 737 4088 suum
754 4039 840 4089 edebat
855 4057 877 4091 a.
897 4045 966 4092 1711.
