2752 4844
208 395 248 455 44
468 398 681 458 nouarlt
711 398 956 459 EPISTOLA

237 596 338 666 Hunc
359 597 447 667 socci
469 622 584 692 cepere
601 599 721 692 pedem
747 598 955 694 grandesque
977 599 1151 691 cothurni,

235 713 382 790 Alternis
407 724 524 811 aptum
545 716 770 807 sermonibus,
796 727 829 787 et
852 719 1033 813 populares

234 833 426 904 Vincentem
449 837 622 930 strepitus,
648 845 682 905 et
702 848 817 906 natum
842 835 944 907 rebus
964 837 1111 930 agendis,

234 951 329 1021 Musa
350 951 442 1021 dedit
463 953 586 1022 fidibus
608 936 720 1044 diios,
736 974 939 1049 ¹puerosque
961 955 1118 1046 deorum,

232 1070 273 1140 Et
290 1072 438 1164 pugilem
455 1074 631 1161 victorem,
650 1083 683 1143 et
696 1097 822 1166 equum
836 1076 1014 1143 certamine
1027 1077 1192 1169 primum,
1284 1115 1287 1125 ·

229 1188 271 1258 Et
295 1186 453 1260 iuvenum
477 1214 602 1280 curae,
618 1200 652 1261 ct
675 1190 779 1261 libera
803 1194 879 1261 vina
902 1192 1038 1262 referre.

232 1309 422 1402 Descriptas
445 1331 575 1379 servare
597 1311 684 1379 vices
710 1334 919 1403 operumque
940 1311 1088 1399 colores,

231 1426 301 1496 Cur
326 1451 406 1519 ego,
433 1428 459 1495 si
483 1453 614 1521 nequeo
639 1415 845 1522 ignoroque,
866 1439 965 1523 poeta
987 1427 1141 1499 salutor‘l

230 1545 300 1615 Cur
325 1547 471 1635 nescire,
494 1547 625 1641 pudens
643 1572 765 1640 prave,
786 1572 887 1641 quam
910 1548 1054 1638 discere,
1076 1545 1190 1618 malo?

194 1714 195 1719 κ
231 1663 391 1734 Versibus
414 1668 534 1760 exponi
559 1668 693 1760 tragicis
717 1690 768 1736 res
791 1668 917 1738 comica
939 1690 1006 1736 non
1028 1669 1120 1736 vult:

228 1783 427 1877 Indignatur
450 1785 529 1854 item
556 1787 693 1878 privatis
716 1809 755 1854 ac
775 1810 882 1880 prope
907 1809 1005 1856 socco
1072 1872 1074 1877 Ι

229 1903 345 1994 Dignis
362 1903 576 1975 ,carminibus
599 1904 726 1972 narrari
752 1927 856 1973 coena
882 1903 1057 1997 Thyestae.

230 2021 369 2113 Singula
391 2044 545 2113 quaeque
566 2021 680 2091 locum
702 2029 836 2091 teneant
858 2022 973 2091 sortita
995 2022 1166 2093 decenter:

226 2267 342 2318 Alternis
362 2276 447 2334 aptum
472 2273 639 2333 sermonibus,
667 2280 693 2319 et
725 2281 843 2329 sufflatum
868 2287 937 2332 cum,
954 2272 974 2318 si
990 2271 1103 2318 decernor
1118 2268 1221 2333 legeris,

192 2357 323 2418 populures
342 2333 480 2402 Vincentem
496 2360 626 2420 strepitus.
652 2358 693 2404 Po·
725 2359 764 2404 vix
780 2367 815 2404 est
832 2365 859 2403 ut
876 2374 922 2403 non
936 2357 1026 2419 passive
1041 2364 1121 2402 contra
1134 2361 1221 2400 rnorem

183 2442 277 2488 tuimet
308 2440 417 2486 Horatius
448 2440 549 2487 scribere
576 2442 692 2488 vincendo
724 2443 862 2503 accipiatur.
884 2439 1042 2487 BENTLEIVS.

192 2526 323 2587 strepitus.
353 2522 398 2570 Sed
415 2525 551 2571 vincentem
567 2525 690 2589 praetulit.
756 2527 802 2589 Ego
819 2524 857 2571 hic
873 2541 950 2589 neque
967 2525 1078 2571 docenter
1090 2536 1167 2588 neque
1183 2524 1222 2571 de·

192 2611 315 2674 Postquam
329 2609 472 2657 scilicetnsu
481 2609 612 2658 didicerant
628 2613 689 2658 ium·
721 2618 812 2658 cautem
830 2609 910 2674 probo.
926 2611 1036 2657 Horatius
1050 2609 1156 2674 loquitur
1169 2610 1222 2658 uni·

194 2697 248 2742 bum
264 2697 360 2742 uincere
376 2697 512 2759 strepitus,
527 2697 625 2745 carmini
641 2697 693 2744 dra·
725 2713 790 2744 verse
806 2695 835 2743 de
852 2695 955 2744 dictione
971 2696 1068 2760 Tragica
1081 2705 1105 2742 et
1121 2695 1220 2744 Comica.

193 2784 278 2829 matieo
295 2783 425 2846 assignatus
440 2792 475 2829 est
492 2793 516 2831 et
529 2785 622 2831 mansit.
720 2783 783 2831 llaec
796 2783 867 2830 unice
884 2782 993 2830 convenit
1008 2780 1161 2846 Tragoediae‚
1178 2780 1222 2829 illa

224 2870 301 2915 Poeta
317 2869 419 2916 solutor.
446 2870 508 2916 Unus
524 2871 587 2916 inter
603 2869 689 2917 multos
721 2869 791 2917 unice
807 2867 951 2916 Comoediae.
974 2868 1049 2933 Igitur
1065 2885 1132 2915 suum
1149 2883 1221 2932 quae-

193 2963 217 3002 et
241 2956 311 3001 miros
336 2972 424 3003 errores
447 2956 561 3019 principis
582 2953 692 3002 editionis
725 2970 770 3019 que
795 2955 876 3002 sortita
893 2954 970 3002 locum
986 2963 1074 3001 teneat.
1096 2953 1205 3000 Discerne

191 3041 291 3088 Venetae
305 3039 344 3087 hic
363 3051 414 3102 est,
436 3052 464 3088 ut
480 3058 522 3106 pro
538 3042 633 3088 aeluter
649 3057 689 3088 ex·
721 3042 813 3105 inquit,
827 3039 968 3087 indictione
983 3041 1070 3101 omnia,
1082 3040 1159 3087 omnia
1172 3055 1220 3085 sor-

191 3142 295 3190 pressum
312 3127 343 3172 sit
358 3128 475 3175 salvator.
719 3127 810 3173 tiantur
827 3135 851 3172 et
869 3135 966 3172 teneant
982 3124 1067 3172 locum.
1084 3126 1111 3171 ln
1126 3125 1220 3170 sortita

224 3212 331 3275 Singula
362 3228 466 3275 quaeque
491 3215 567 3260 locum
592 3218 691 3259 teneant
724 3213 829 3259 cernitur
840 3210 954 3258 iudicium
964 3221 1055 3275 poetae.
1067 3210 1147 3269 Omne,
1156 3205 1219 3272 quod

191 3298 284 3344 sortite
300 3296 419 3345 decenter.
441 3297 517 3345 Codex
539 3301 601 3345 inter
620 3298 689 3345 Blan·
721 3298 755 3344 ita
764 3297 840 3344 locum
850 3306 929 3358 tenet,
949 3313 991 3344 auo
999 3296 1050 3344 loco
1058 3296 1159 3359 positum
1169 3303 1217 3355 est,

191 3380 266 3429 (linies
279 3383 450 3429 vetustissimus
467 3400 519 3430 cum
536 3383 610 3430 altero
627 3382 691 3448 apud
723 3381 781 3430 adeo
797 3392 825 3430 ut
841 3383 961 3429 decentem
973 3381 1043 3445 plane
1056 3381 1087 3427 sit
1108 3380 1216 3428 otiosum.

190 3467 330 3532 Gruquium,
365 3476 388 3514 et
415 3468 572 3533 ligorniensis
593 3478 688 3530 noster,
721 3468 797 3532 Atque
814 3466 859 3516 hoc
875 3469 949 3532 magis
963 3468 988 3514 in
1004 3464 1083 3513 oculos
1098 3466 1216 3528 incurrit,

191 3555 299 3618 Singula
316 3568 419 3616 quaeque
436 3555 511 3601 locum
524 3561 624 3602 teneant
639 3569 691 3602 aer·
730 3555 867 3618 sicagites,
889 3551 952 3619 quod
975 3550 1101 3600 Neerlandi
1117 3550 1217 3600 dicimus

191 3641 242 3686 tite
255 3640 383 3686 decentem.
399 3638 534 3703 Elegantius
547 3640 686 3705 meliusque.
720 3641 823 3704 singule
838 3641 913 3686 locum
930 3643 1036 3685 terreant.
1053 3637 1089 3683 lta
1105 3637 1155 3701 ipse
1172 3639 1217 3686 Ho-

189 3724 227 3772 Sic
243 3723 302 3772 alibi
318 3724 417 3787 Noster,
434 3725 519 3772 decens
535 3726 625 3787 Versus,
647 3725 687 3772 de·
717 3725 793 3772 ratius
816 3725 841 3772 in
866 3723 910 3771 hac
929 3720 1030 3786 Epistola
1047 3738 1080 3770 vs.
1099 3726 1137 3771 19.
1169 3724 1218 3773 Sed

188 3825 244 3857 carm
259 3812 371 3872 iuuenis,
394 3810 478 3858 decem
493 3818 587 3871 motus,
606 3811 687 3858 decen-
719 3827 782 3858 nunc
795 3826 842 3856 nou
855 3815 910 3856 erat
925 3809 1050 3856 tectores.
1065 3807 1213 3872 Serm.ll,1,

189 3902 226 3942 tea
244 3898 362 3957 Gratiae,
382 3897 492 3945 decernes
507 3898 593 3944 meles.
618 3895 683 3943 Certe
717 3897 756 3942 44.
770 3895 879 3943 Necdum
892 3896 970 3940 munis
981 3895 1067 3940 electa
1080 3896 1215 3959 Paupertas

191 3989 216 4028 et
232 3979 276 4027 hoc
293 3992 360 4044 pacto
379 3984 516 4047 compositio
530 3982 622 4030 dulcior
636 3991 685 4044 est,
719 3983 799 4044 epulis
814 3995 906 4045 regum.
923 3995 979 4027 uem
992 3981 1086 4028 vilibus
1099 3983 1151 4029 eris
1165 3982 1213 4029 lta·-

191 4074 215 4112 et
232 4066 264 4113 τὸ
282 4068 387 4127 sortite,
403 4078 473 4130 prout
489 4084 532 4132 par
545 4077 594 4129 est,
609 4068 684 4117 activa
714 4069 818 4131 gn'sqaw
833 4074 872 4114 est
888 4067 949 4114 oleis
961 4066 1032 4114 hodie
1048 4067 1120 4114 lomes.
1138 4067 1210 4130 Epist.
