2752 4844
206 384 262 446 102
469 386 680 448 llOllh'lll
712 384 956 444 ErlstoLs

235 586 407 672 Sortilegis
428 611 497 657 non
518 587 703 680 discrepuit
727 588 896 656 sententia
915 584 1067 678 Delphis.
1153 652 1156 658 .

235 702 389 774 Carmine
413 706 473 799 qui
497 706 624 799 tragico
648 704 748 774 vilem
773 705 913 773 certavit
936 703 982 774 ob
1006 704 1160 791 hircum,

232 820 312 892 Mox
335 823 435 893 etiam
458 831 602 917 agrestes
623 823 760 916 Satyros
785 822 945 912 nudavit,
972 830 1007 892 et
1030 845 1128 914 asper

234 939 401 1011 Incolumi
426 943 586 1036 gravitate
610 943 724 1011 iocum
744 942 904 1026 tentavit,
928 964 969 1011 eo
994 940 1088 1033 quod

237 1058 408 1130 illecebris
432 1069 503 1131 erat
524 1068 558 1130 et
582 1069 675 1153 grata
700 1061 846 1130 novitate
875 1058 1059 1129 morandus

231 1177 426 1272 Spectator,
453 1178 659 1272 functusque
681 1179 782 1247 saeris
806 1185 840 1247 et
864 1186 966 1271 potus
991 1185 1025 1247 et
1050 1177 1157 1247 exlex.

232 1420 367 1484 Sortilegis
389 1435 437 1467 saon
452 1420 591 1484 discrepuit
604 1427 701 1468 senten·
733 1419 797 1469 Addo
814 1423 926 1483 tertium,
942 1419 1006 1486 quod
1017 1421 1148 1468 Gronovius
1162 1428 1230 1466 vocat

203 1505 242 1550 tio
265 1504 377 1568 Delphis.
410 1505 465 1552 Cum
490 1504 598 1570 legebam
620 1515 701 1553 vetera
734 1508 791 1554 Itos,
816 1505 900 1554 Facilis
920 1504 1051 1563 aberratio;
1075 1514 1099 1552 et
1117 1506 1232 1551 removit

200 1587 311 1650 Scholia,
328 1589 460 1655 cogitabam
473 1589 601 1656 aliqnando
616 1607 647 1638 an
661 1607 699 1639 eo·
731 1593 796 1639 nasci
808 1593 887 1656 potuit
896 1608 925 1639 ex
936 1590 1019 1656 glossa.
1036 1592 1230 1639 Caesareanum

202 1689 255 1721 rum
273 1683 380 1722 auctores
395 1675 494 1724 sortasse
511 1693 553 1741 pro
575 1678 703 1723 sententie
735 1693 764 1725 ex
785 1676 902 1724 Bucolicis
916 1676 1011 1742 Virgilii
1027 1675 1165 1725 Scholiastis
1180 1685 1232 1723 erat

148 1759 154 1775 ⁶
199 1759 312 1808 vidissent
321 1763 455 1825 supientia.
465 1763 536 1809 Acro:
548 1762 700 1826 sPerrpbnx,
733 1771 866 1827 pernotum.

198 1846 317 1894 inventrix
332 1847 428 1894 utilium
442 1863 521 1895 rerum
534 1846 698 1912 philosophia,
764 1849 825 1895 Mor
841 1849 920 1895 etiam
939 1856 1052 1912 agrestes
1068 1849 1172 1910 Satyros
1187 1862 1232 1893 ssu-

197 1940 295 1995 propter
308 1934 464 1997 provisionem
475 1932 618 1980 futurorum.
635 1933 699 1979 Pru·
731 1932 810 1980 ducit.
835 1934 882 1998 ligo
902 1934 1010 1981 nudavit
1026 1949 1074 1981 non
1090 1931 1119 1980 ab
1136 1933 1232 1980 lloratio

197 2016 309 2064 daritiam
324 2019 373 2066 sive
386 2015 560 2083 philosophiam
576 2016 636 2064 dicit
649 2017 698 2063 eni·
730 2033 780 2065 esse
794 2019 907 2083 seriptum
923 2017 1033 2067 arbitror.
1050 2018 1153 2066 Nudure
1164 2016 1232 2082 Saty·

199 2102 271 2150 tuisse
287 2102 382 2160 studim
404 2119 465 2167 quae
480 2103 516 2150 ita
532 2103 615 2150 futura
630 2118 697 2166 prae·
730 2119 768 2152 ros
787 2106 882 2169 proprie
900 2105 1019 2170 signifieat
1039 2104 1129 2170 Satyris
1152 2110 1233 2150 vestes

196 2184 263 2234 ridet
282 2189 344 2236 sieut
364 2186 506 2236 divinams'
527 2187 697 2236 commentator
729 2205 789 2237 usae
812 2191 955 2252 detrulrere5
979 2191 1095 2256 figurate,
1119 2189 1232 2254 Satyros,

197 2271 344 2338 Gruquianus
365 2272 446 2322 eadem
471 2274 522 2321 sere
546 2272 627 2322 habet,
655 2274 696 2323 llis
728 2275 763 2324 ita
776 2275 882 2325 vestibus
895 2279 1013 2342 privatos,
1027 2277 1132 2324 nudotm
1146 2276 1233 2323 insee-

197 2357 294 2406 seholiis
307 2358 394 2407 similia
407 2359 531 2422 suntilla,
548 2375 609 2424 quae
622 2359 698 2426 Nepos
730 2377 787 2408 nom
811 2363 934 2410 inducere.
967 2361 1013 2409 Sed
1037 2362 1117 2426 Satyri
1141 2376 1234 2426 semper

197 2442 227 2491 de
243 2437 322 2491 Attic'o
338 2446 432 2509 scripsit
448 2461 499 2509 cap.
513 2447 537 2494 9.
563 2447 595 2493 In
611 2460 657 2507 quo
671 2446 697 2493 si
729 2455 797 2493 erant
812 2447 890 2507 nudi,
912 2445 957 2493 hoc
975 2454 1025 2507 est,
1045 2445 1139 2492 nullum
1155 2455 1234 2509 gesta·

198 2535 297 2577 tontum
310 2544 364 2576 eum
376 2529 522 2593 pnsdesrtem
537 2530 634 2590 dicum
651 2531 698 2576 sni·
729 2529 789 2577 bant
810 2531 913 2595 corporis
931 2539 1113 2594 tegumentum,
1138 2539 1234 2594 praeter

196 2629 257 2676 nass,
271 2629 342 2677 quom
355 2614 628 2679 deheam‚proedieem;
642 2630 696 2664 cum
728 2614 817 2680 pellem
830 2613 954 2663 hircinam.
972 2614 1043 2662 Poeta
1056 2613 1151 2680 Satyros
1163 2614 1235 2664 indu·

197 2699 243 2746 ito
254 2700 341 2763 potius
356 2700 566 2764 divinesfuerit,
590 2703 616 2749 ri
631 2701 696 2748 diei-
729 2717 782 2748 cere
798 2702 879 2766 potuit
894 2700 985 2764 nudos,
1002 2701 1075 2748 sicuti
1088 2709 1170 2761 erant,
1183 2717 1231 2748 non

196 2786 268 2834 notio
283 2787 427 2851 appellanda
442 2793 480 2834 est
491 2793 613 2851 perpetuu
625 2794 697 2834 nato·
728 2786 842 2834 nudatos.
866 2785 892 2834 Si
912 2796 983 2852 poeta
998 2788 1095 2834 vestitos
1111 2787 1178 2850 prius
1194 2785 1235 2834 Sa-

198 2873 263 2920 ralis
283 2873 395 2936 bonitas,
417 2888 477 2936 quoe
498 2873 578 2920 nullis
602 2873 700 2920 metas
732 2880 798 2939 tyros
814 2873 904 2937 primus
922 2872 1023 2919 inducit
1036 2872 1130 2934 awos,
1149 2873 1170 2919 is
1187 2870 1235 2919 ele-

198 2966 307 3024 augetus·
318 2974 393 3023 neque
407 2961 541 3007 minuitur.
559 2967 583 3006 et
597 2974 649 3022 cap.
659 2960 698 3007 lo.
732 2968 817 3024 gauter
832 2959 917 3006 nudat.
939 2956 986 3006 Sed
1002 2957 1043 3005 hic
1059 2967 1130 3022 poeta
1146 2967 1182 3005 est
1194 2973 1237 3005 au-

197 3045 243 3093 Sto
267 3045 348 3092 monia
371 3045 400 3094 de
423 3045 519 3093 studiis
537 3045 696 3108 princepum,
730 3054 782 3092 etor
795 3045 905 3092 carminis
917 3043 1031 3110 Satyricis
1045 3060 1100 3110 ergo
1113 3043 1175 3092 nihil
1185 3060 1236 3092 mu·

198 3130 278 3178 vitiis
298 3131 384 3180 mcum
404 3147 433 3180 ae
452 3131 634 3179 mutationibus
652 3130 702 3177 rei-
734 3130 1177 3195 tareinipsasormavestiumpotuit,
1194 3127 1236 3177 sed

195 3217 311 3281 publicus
326 3219 469 3282 perscripta
489 3224 566 3280 sunt,
585 3223 616 3264 ut
633 3216 703 3264 nihil
734 3229 785 3262 eam
802 3215 901 3262 sormam
914 3217 965 3280 ipse
980 3218 1123 3264 constituere
1137 3215 1233 3265 debuit:

198 3303 228 3350 in
244 3303 286 3356 his
300 3318 348 3350 nen
363 3308 496 3368 appareat,
516 3310 542 3350 et
549 3302 633 3363 facile
648 3301 702 3349 erei-
732 3299 839 3347 eudocit
853 3301 883 3347 in
898 3316 983 3363 cressa,
1006 3311 1034 3349 ut
1050 3303 1076 3349 in
1092 3299 1237 3349 carminibus

200 3389 305 3436 stimcri
312 3391 408 3454 possit,
416 3388 577 3453 pmdentiarn
590 3389 702 3450 quodum
735 3386 835 3434 iacimus
844 3420 852 3447 ,
861 3401 922 3452 quae
931 3387 995 3434 sacta
1009 3404 1058 3436 esse
1072 3389 1184 3436 canimus.
1198 3387 1237 3436 Sic

198 3474 266 3522 modo
278 3489 331 3523 esse
343 3474 531 3522 divinationes.
544 3472 632 3521 Chorus
642 3472 700 3520 adeo
732 3470 832 3537 Alpinus
840 3473 1079 3537 iugulutMemnone
1086 3472 1149 3537 apud
1154 3473 1236 3521 Horat.

199 3561 225 3609 iu
245 3559 381 3626 Tragoediis
406 3559 558 3622 sapientiam
584 3557 703 3623 explicare
735 3556 809 3605 Serm.
827 3557 956 3620 1,x,ss:
979 3567 1058 3623 pastor
1073 3556 1137 3622 apud
1152 3557 1237 3623 virgil.

199 3648 293 3711 coepit,
311 3661 371 3713 quae
388 3642 460 3692 rebus
474 3652 499 3691 et
515 3641 594 3691 verbis
610 3642 705 3690 oracula
737 3642 815 3708 Eclog.
831 3643 875 3706 ll,
886 3645 926 3692 51.
945 3643 1141 3691 Phaetontiudus
1155 3660 1238 3693 mesco
1255 3663 1258 3666 ⁴

199 3732 332 3797 Apollinis,
348 3731 400 3779 Dei
415 3729 602 3793 sapientissimi
611 3763 618 3788 ‚
640 3727 703 3775 refe·
734 3728 871 3777 circumdet
886 3742 985 3776 amarae
999 3727 1122 3788 Corticis5
1145 3740 1173 3778 ut
1189 3730 1237 3779 alia

199 3815 276 3866 rebat.
293 3817 426 3866 &utentia
439 3813 534 3880 quidem
545 3815 621 3862 minus
634 3812 705 3861 facile
737 3816 846 3877 mittam,
869 3829 929 3879 quae
953 3812 1019 3861 docti
1041 3815 1184 3880 interpretes
1207 3814 1237 3863 ad

151 3929 154 3939 ·
200 3910 236 3950 est
251 3902 385 3952 intellectu.
735 3898 853 3965 Theophr.
873 3898 979 3948 charact.
996 3899 1061 3961 llll,
1084 3911 1108 3948 et
1130 3901 1236 3966 Propert.

235 3986 349 4035 Carmine
365 3989 409 4051 qus'
426 3988 523 4052 tragico
536 3987 702 4034 vileneerte·
734 3985 759 4048 l,
777 3999 832 4049 vm,
848 3988 870 4034 1.
894 3995 1074 4035 annotaverunt.
1100 3987 1175 4051 Quare
1193 4003 1237 4050 pro

200 4072 241 4120 vit
258 4071 284 4118 ob
300 4071 403 4121 hircum.
427 4072 478 4120 Duo
493 4071 553 4121 MSS.
576 4072 701 4120 cantavit.
736 4071 858 4120 ninam
882 4072 968 4137 exigua
992 4075 1124 4121 mutatione
1148 4089 1236 4138 repono
