2752 4844
514 370 573 430 ΑΙ)
605 373 820 434 PISONES.

191 574 298 644 Multa
323 573 436 644 lerunt
460 573 539 642 anni
564 575 732 645 venientes
756 573 931 644 commoda
956 597 1069 646 secum

159 796 248 845 dicitur
261 813 303 861 spe
311 799 405 862 longua.
416 796 539 862 Philippus
548 797 642 846 Macedo
649 834 656 859 ,
690 799 775 845 babere
788 813 861 862 operm
878 798 982 847 Fortasse
995 815 1074 848 sanam
1092 807 1117 846 et
1127 814 1183 864 per·

158 884 201 947 qui
224 899 285 931 nova
306 900 398 947 semper
413 901 485 948 regna
504 895 529 931 et
546 884 656 931 victorias
688 884 794 947 spicuam
809 882 866 931 huic
877 884 935 932 'loco
955 882 1096 932 sententiam
1112 885 1180 932 resti·

157 969 184 1016 in
209 970 317 1016 futurum
347 968 519 1034 prospiciebat,
551 966 656 1017 habebat
689 978 754 1031 tues,
772 970 792 1016 si
807 969 947 1033 simpliciter
967 980 1044 1018 mutes
1057 968 1182 1018 vocabulo·

158 1062 224 1118 spem
240 1055 353 1120 longam,
366 1065 416 1104 erat
432 1071 473 1119 spo
489 1058 584 1120 tomas.
609 1054 655 1103 Sed
687 1071 739 1102 rum
749 1053 938 1102 distinctionem:
956 1057 1060 1104 Dilotor
1074 1071 1116 1120 spe
1131 1057 1182 1104 too-

159 1139 391 1189 subitovenitOrcus
403 1143 505 1207 μακρὰς
523 1141 653 1207 ἀφαιρού-
682 1156 746 1205 gres,
771 1142 854 1202 iners,
871 1142 1004 1204 avidosque
1019 1142 1118 1203 futuri.
1142 1141 1183 1189 Se-

159 1245 236 1285 μενος
262 1226 387 1285 ἐλπίδας,
414 1237 442 1275 ιιι
467 1237 502 1275 est
525 1228 550 1274 in
574 1237 654 1274 vetere
686 1243 747 1288 nex,
767 1225 908 1288 δύσελπις,
926 1227 1182 1292 nonplanevivitsine

158 1311 287 1377 Tragoedia
310 1312 373 1378 apud
398 1312 524 1360 Diodorum
548 1312 654 1360 Siculum
686 1329 726 1376 spe
733 1348 740 1374 ,
757 1312 813 1360 talis
829 1313 900 1377 vulgo
913 1313 1032 1377 reperitur
1044 1329 1112 1360 nemo
1123 1329 1183 1359 mor-

159 1398 223 1460 ΧΠ,
241 1397 553 1463 92.'Cogitavialiquando,
568 1415 598 1445 un
613 1414 655 1445 no·
687 1397 788 1459 talium,
814 1397 855 1445 sed
877 1415 942 1462 spem
966 1415 1035 1464 aegre
1061 1399 1182 1464 concipit,

159 1483 196 1532 bis
212 1485 254 1550 ita·
262 1485 415 1549 interpretari
428 1485 527 1532 liceret:
543 1500 595 1548 spes
603 1485 654 1531 seni
687 1493 812 1548 conceptae
827 1483 921 1530 tandem
930 1486 981 1548 spei
989 1501 1034 1531 non
1048 1494 1120 1532 tenax
1133 1492 1182 1546 est,

160 1579 196 1618 est
211 1569 295 1634 longe,
312 1587 383 1618 senex
393 1579 428 1618 est
436 1570 520 1634 longus
528 1587 577 1633 spe.
587 1568 655 1634 Apud
687 1586 752 1633 spem
768 1585 888 1633 nunqnam
904 1569 934 1617 ad
950 1569 1063 1617 effectum
1085 1586 1183 1634 perven-

158 1655 297 1704 Sallustium
309 1657 430 1720 profecto,
444 1657 493 1703 sive
507 1654 594 1703 scribas
607 1658 657 1702 lon·
689 1664 766 1702 turam
782 1654 886 1717 credit,
910 1671 987 1719 neque
1017 1657 1067 1720 ipse
1092 1653 1184 1720 aliquid

155 1757 192 1806 go
208 1749 263 1789 erat
279 1757 348 1806 apes,
365 1743 414 1788 sive
431 1743 500 1806 longe
513 1749 569 1789 crat
585 1756 654 1805 spes,
688 1750 779 1802 tentat,
795 1749 824 1786 ut
841 1742 963 1804 pervenire
977 1742 1066 1805 possit,
1088 1750 1116 1787 ut
1129 1755 1185 1804 spes
1204 1773 1207 1779 -

160 1826 241 1875 eodem
257 1826 327 1875 redit.
344 1827 420 1892 Atque
436 1826 481 1875 hoc
495 1826 590 1892 quidem
606 1829 654 1874 usi·
685 1827 729 1874 fiat
747 1842 795 1874 roe.
810 1826 862 1874 liri
883 1828 954 1874 etiam
975 1825 1095 1874 interdum
1118 1843 1184 1891 spem

160 1915 248 1976 tatius,
265 1924 293 1961 ut
309 1915 379 1979 loeage
387 1915 431 1961 illi
446 1915 500 1961 Deo
513 1921 593 1960 rnoter
604 1915 656 1960 erit
688 1911 817 1978 differunt,
843 1922 868 1960 et
887 1911 1016 1977 prudenter
1031 1922 1114 1978 agunt.
1139 1909 1185 1960 Sed

161 1999 226 2064 apud
242 1999 373 2064 Virgilium.
388 1999 433 2047 Sed
441 1997 558 2064 quidquid
571 1999 657 2060 facias,
691 2015 762 2047 senex
776 2007 891 2063 perpetuo
900 1997 995 2061 differt,
1011 2008 1046 2046 est
1054 1998 1148 2046 dilator
1161 2005 1185 2044 et

159 2101 234 2134 sermo
249 2100 291 2149 spe
312 2087 399 2150 longos
414 2100 506 2150 semper
525 2094 604 2132 manet
619 2086 655 2131 in·
688 2087 775 2148 largos
782 2085 876 2132 dilator
889 2087 951 2148 spei.
960 2085 988 2132 ln
1001 2084 1105 2149 vulgatis
1113 2085 1185 2132 etiam

160 2171 263 2219 tellecta
276 2170 381 2218 difficile.
399 2172 478 2218 Etcur
486 2170 596 2217 Horatius
606 2178 655 2216 tam
687 2168 732 2216 hoc
754 2168 877 2232 displicet:
902 2171 923 2217 si
943 2169 1037 2217 dilator
1053 2171 1086 2217 sic
1108 2169 1184 2217 solum

149 2253 285 2303 :obscurum
298 2257 414 2320 posuisset
429 2253 584 2316 vocabulum,
602 2270 654 2301 cum
688 2254 796 2318 ponitur,
813 2271 860 2301 non
879 2255 937 2302 satis
955 2254 1038 2302 differt
1056 2253 1086 2303 ab
1105 2257 1182 2302 inere.

160 2341 260 2390 clariora
274 2350 351 2389 essent
367 2343 392 2388 in
409 2350 516 2405 promtu,
533 2357 556 2389 v.
574 2357 595 2388 c.
613 2356 655 2404 spe
687 2339 796 2387 Horatius
820 2339 882 2404 legit
900 2342 1039 2405 praecipuas
1061 2351 1128 2388 notas
1148 2341 1186 2388 iu·

155 2444 264 2493 parvus,
281 2443 323 2492 spe
337 2428 438 2489 turdus,
456 2436 481 2474 et
496 2427 544 2474 alia
558 2428 656 2474 fortasse
689 2425 755 2490 genii
766 2425 859 2473 senilis:
873 2427 925 2488 Est,
939 2427 1033 2492 inquit,
1047 2443 1119 2474 senex
1132 2442 1186 2474 ava-

159 2513 274 2562 meliora?
306 2513 386 2579 Neque
405 2512 569 2561 Bentleianum
593 2510 656 2559 illud
688 2528 745 2574 rus,
770 2512 848 2559 omnia
871 2510 953 2559 timide
972 2521 996 2559 et
1018 2511 1097 2578 gelide
1117 2513 1186 2560 mini-

160 2601 243 2678 tentup
257 2598 381 2647 admodum
399 2598 470 2647 facile
485 2608 527 2649 est.
546 2600 594 2661 Spe
607 2599 657 2644 len-
689 2606 762 2659 strat,
777 2607 813 2645 est
823 2598 900 2660 iners,
917 2596 999 2646 avidus
1015 2599 1107 2660 futuri,
1125 2596 1186 2646 diffi-

161 2692 203 2744 tus
219 2682 307 2733 dicitnr
323 2685 360 2746 is,
377 2686 498 2750 quispem
513 2684 585 2731 semel
603 2699 656 2731 con·
689 2682 758 2743 cilis,
780 2683 910 2747 querulus,
933 2682 1042 2731 laudator
1059 2684 1108 2731 acti
1127 2693 1186 2731 tem-

161 2780 270 2835 ceptam,
292 2786 384 2835 semper
407 2771 512 2831 retinet,
536 2776 657 2834 nunquam
689 2762 1071 2832 porissepuero,estdioelrne.
1088 2768 1186 2832 Singula

162 2855 276 2916 dimittit,
291 2855 332 2903 sed
347 2872 394 2902 non
411 2854 442 2902 ad
455 2854 567 2902 effectum
580 2853 655 2902 ducit.
688 2855 735 2901 ista
750 2854 869 2918 propriam
885 2852 976 2902 habent
990 2855 1038 2902 vim
1056 2862 1080 2901 et
1096 2855 1186 2918 signifi-

161 2940 189 2988 ln
202 2940 317 3005 exemplis
330 2941 433 2988 livianis
444 2941 511 2988 beuta
525 2955 593 3003 spes,
608 2941 658 3003 ipso
691 2939 815 2987 cntionem.
832 2937 895 2987 Adde
904 2957 976 2988 senex
985 2950 1020 2988 est
1028 2941 1135 3001 dilator,
1150 2949 1185 2987 est

162 3025 270 3074 Bentleio
291 3027 436 3090 interprete,
456 3025 575 3089 significat
590 3039 657 3088 apem
687 3026 771 3073 iners:
786 3024 867 3072 eodem
883 3024 953 3073 redit.
976 3027 1081 3074 Dilotor
1093 3041 1185 3090 semper

161 3113 235 3176 lavago
247 3127 315 3158 mora
331 3119 477 3159 astructam.
494 3111 534 3158 Est
546 3109 604 3158 adeo
618 3126 657 3157 ea·
688 3111 858 3175 procrastinat,
872 3112 1027 3176 procrastinat
1039 3113 1126 3174 iners,
1139 3110 1185 3159 hoc

162 3196 216 3246 dem
227 3214 287 3263 quae
301 3214 353 3262 spes
370 3199 450 3262 levigo.
472 3196 575 3245 Alterius
589 3198 656 3260 spei,
690 3206 726 3244 est
741 3197 766 3243 iu
784 3198 922 3244 crastinum
938 3197 1042 3261 differt,
1063 3207 1091 3245 ut
1108 3198 1185 3244 estin

142 3285 226 3349 ¹lente
255 3285 367 3349 segniter
396 3290 421 3329 et
444 3290 588 3330 cunctanter
616 3283 656 3329 in·
689 3280 812 3346 proverbio
830 3283 869 3338 εἰς
884 3280 974 3348 αὔριον
988 3285 1024 3331 τὰ
1037 3282 1183 3333 σπουδαῖα.

84 3390 88 3398 =
161 3369 380 3432 abactae,unicum
388 3368 472 3416 attulit
483 3367 617 3432 exemplum
630 3384 659 3415 ex
691 3368 795 3414 Dilotor
810 3383 851 3431 spe
860 3385 901 3432 pro
915 3370 969 3432 spei
981 3369 1037 3416 satis
1045 3379 1127 3416 notum
1136 3378 1184 3430 est,

160 3454 250 3503 ovidio.
272 3453 318 3502 Sed
340 3464 364 3501 et
380 3453 416 3501 ibi
432 3463 467 3501 est
486 3469 540 3517 spes
557 3469 605 3500 oon
626 3453 660 3500 od
690 3453 737 3499 iam
760 3469 789 3500 ex
807 3470 875 3501 versu
897 3455 1007 3502 Enniano
1017 3453 1080 3520 apud
1096 3455 1185 3502 Cicero-

162 3541 273 3602 tffectum
296 3541 377 3588 ducto.
411 3540 474 3586 Paris
495 3539 575 3593 statim
605 3547 658 3602 post
689 3554 743 3585 nem
768 3538 797 3586 de
818 3539 960 3588 Senectute:
986 3541 1033 3589 Illa
1056 3542 1098 3588 oir
1121 3539 1187 3587 hond
1247 3535 1249 3540 ’

162 3623 277 3673 iudicium
296 3626 396 3673 Deorum
412 3626 523 3689 speravit
535 3623 655 3673 Helenam.
688 3640 778 3689 magno
791 3641 846 3673 cum
865 3641 906 3689 rc,
923 3627 967 3673 sed
976 3628 1062 3689 plenu'
1069 3625 1132 3686 fide.
1157 3624 1185 3672 lu

162 3713 216 3759 Eam
232 3727 297 3775 spem
313 3728 433 3776 nunquam
449 3710 546 3758 dimisit.
572 3707 618 3756 Sed
631 3725 658 3756 ea
691 3725 737 3774 qno
766 3727 834 3758 versu
859 3710 926 3760 deest
949 3709 1048 3778 syllaba.
1081 3711 1185 3757 Fortasse

163 3797 211 3844 fuit
236 3795 309 3843 lenta.
343 3797 406 3843 Paris
424 3813 471 3844 non
493 3793 603 3858 consequi
622 3803 664 3853 sat
690 3794 753 3860 apud
782 3797 881 3844 Ennium
906 3794 1049 3861 sequebatur
1075 3796 1132 3858 qni,
1156 3805 1186 3843 ut

163 3883 211 3929 cito
237 3882 352 3942 tentavit,
374 3880 436 3945 quod
458 3890 570 3945 speraret.
604 3879 660 3926 Sero
692 3881 761 3944 plura
778 3880 806 3928 de
823 3881 867 3928 illo
883 3883 933 3928 ‘viro
947 3880 1043 3929 dixerit.

161 3967 236 4015 vonit.
263 3967 321 4030 Ergo
343 3982 419 4031 neque
436 3983 508 4014 senex
531 3964 658 4022 δύσελπις
722 3968 806 4027 Iners,
823 3967 1061 4029 avidusquefuturi.
1078 3965 1186 4016 Nondum

162 4061 227 4102 recte
249 4050 338 4099 dicitur
354 4067 396 4114 ape
412 4052 494 4099 lentas
511 4061 552 4098 aut
568 4052 660 4098 lentam
691 4048 759 4098 nobis
785 4064 918 4099 concessum
943 4061 991 4114 est,
1022 4051 1106 4117 pedem
1128 4051 1185 4102 binc
