2752 4844
504 399 565 462 Ali
596 402 816 464 ursonis
1124 402 1163 464 17

177 599 408 693 Spectandum
432 602 537 696 nigris
561 605 690 696 oculis,
716 606 883 701 nigroque
902 607 1038 702 capillo.

178 719 308 794 Sumite
331 723 504 794 materiam
528 727 661 820 vestris,
686 728 746 820 qui
766 726 929 817 scribitis,
956 751 1098 821 acquam

176 836 332 926 Viribu83
358 850 391 911 et
413 851 540 914 versate
561 843 641 934 diu,
668 843 751 938 quid
772 844 860 914 ferre
884 854 1058 938 recusent,

176 957 267 1045 Quid
286 959 419 1030 valeant
441 960 584 1033 humeri.
610 961 674 1033 Cui
694 963 780 1032 lecta
801 969 954 1055 potenter
974 966 1038 1035 erit
1058 987 1133 1054 res;

142 1248 198 1297 stris
206 1264 276 1314 quam
289 1247 403 1311 aliorum,
416 1248 542 1314 verborum
555 1249 648 1309 ordine„
669 1252 704 1298 sie
717 1251 813 1299 attulit:
832 1251 995 1312 Spectandum
1008 1253 1097 1317 nigros
1110 1268 1164 1302 oca·

48 1350 51 1361 ¹
130 1342 246 1396 mutato,
271 1334 330 1382 Non
358 1337 441 1400 magis
470 1351 521 1384 esse
546 1337 634 1396 velim,
668 1337 703 1382 los
716 1336 848 1398 nigrosque
862 1338 974 1399 capillos.

140 1436 211 1484 qaum
225 1436 286 1468 noso
298 1423 381 1470 vivore
392 1439 479 1486 pravo.
497 1422 561 1471 Illud
577 1438 633 1469 vero
700 1421 748 1468 Cot
762 1421 827 1468 lecta
834 1429 951 1485 potenter
961 1424 1012 1470 crit
1025 1439 1074 1472 res.
1084 1423 1161 1472 Marl-

140 1506 308 1572 (qoompraoo
325 1509 513 1572 ciceronum),
537 1525 591 1556 eum
606 1508 632 1555 in
664 1506 749 1555 landus
773 1507 803 1555 ad
816 1507 888 1556 Statii
905 1509 963 1557 silv.
978 1509 1021 1571 Il,
1042 1525 1097 1573 vm,
1114 1513 1161 1574 24,

139 1592 284 1642 editionibus
300 1597 408 1660 priscis,‘
423 1606 525 1662 utraque
545 1595 634 1643 Veneta
666 1594 775 1641 Flaccum
796 1596 915 1659 scripsisse
937 1605 1024 1658 putat,
1041 1597 1084 1642 cui
1100 1597 1164 1656 lecto

139 1681 342 1746 etLoscheriana,
358 1683 432 1730 semel
445 1681 576 1742 insederat,
590 1697 631 1744 pa·
659 1680 784 1743 pudenter
803 1682 855 1727 erit
873 1696 926 1742 res,
951 1678 977 1726 id
1000 1689 1035 1727 est
1057 1680 1162 1730 modeste

139 1769 228 1816 tienter
256 1771 343 1832 nimis,
370 1785 401 1817 ne
423 1767 505 1828 ¹<licam
529 1769 631 1833 ignave,
666 1776 690 1814 et
703 1767 794 1814 ratione
809 1764 992 1814 hahitavirium
1006 1783 1114 1829 suarum,
1138 1777 1163 1816 et

139 1859 244 1921 perpessi
257 1867 312 1905 sunt
329 1859 479 1922 interpretes.
492 1853 631 1920 Siquidem,
665 1854 727 1916 qnid
740 1854 815 1914 ferro
839 1861 968 1915 recusent,
987 1854 1048 1917 qnid
1063 1855 1162 1902 valeant

139 1952 305 2008 praeterquam
331 1943 394 2009 quod
422 1942 517 1990 Codices
540 1940 633 1990 abiudi-
666 1942 771 1990 homeri.
790 1939 862 1988 Addit
884 1958 913 1989 ex
930 1957 964 1989 vs.
985 1943 1033 2015 ol,
1050 1942 1162 1990 dubitor-

138 2039 207 2092 cant,
230 2032 303 2079 etiam
330 2033 469 2079 invenustus
494 2027 536 2075 ille
558 2027 632 2074 trium
664 2041 709 2088 qua
735 2027 840 2073 licentio
867 2032 949 2072 sumto
970 2025 1111 2088 pudenter:
1135 2036 1161 2076 et

138 2114 284 2180 syllabarum
298 2129 424 2163 concursus
440 2111 538 2160 toute
554 2111 632 2174 pravi·
665 2125 694 2156 ex
719 2110 792 2174 Epist.
818 2110 845 2172 1,
867 2113 906 2158 17.
930 2111 1028 2174 distat,
1046 2129 1159 2162 samosata

138 2208 212 2247 tatem
245 2202 296 2247 eius
317 2199 448 2264 redarguit.
470 2198 629 2245 BEMtEIVS.
659 2197 782 2260 pudenter
794 2198 836 2245 An
851 2200 955 2260 rapias:
972 2209 996 2246 et
1013 2200 1122 2263 Epist.l‚
1136 2204 1161 2250 1.

170 2285 198 2332 ln
221 2285 275 2333 aliis
299 2300 392 2351 quoque
415 2283 476 2332 MSS.
496 2298 556 2348 quae
577 2290 630 2346 post
663 2297 705 2329 nco
725 2297 793 2329 meos
816 2283 891 2330 undet
912 2285 973 2331 liam
996 2292 1093 2332 tentore
1110 2303 1159 2350 pu-

127 2369 271 2418 .Bentleium
287 2371 457 2434 innotuerunt,
482 2370 573 2435 legitur
588 2385 632 2416 no-
664 2369 720 2432 dor,
750 2385 821 2434 quom
853 2370 920 2417 vires
938 2370 1011 2429 ferre
1036 2382 1157 2424 recrescat.

127 2471 164 2503 ,so
185 2456 268 2502 vivero
279 2469 366 2519 pravo.
396 2455 454 2504 'lota
470 2464 550 2503 autem
574 2453 634 2503 haee
666 2455 712 2519 ligo
728 2454 791 2503 illud
803 2463 920 2519 potenter
932 2474 980 2506 non
993 2468 1091 2508 mutem.
1109 2463 1160 2509 Po-

137 2543 240 2608 Epistola
256 2541 286 2590 ad
298 2538 392 2591 Pisones
408 2541 503 2590 nullum
519 2541 570 2587 fere
587 2537 629 2586 ba·
661 2540 747 2587 denter
760 2539 852 2606 aliquid
869 2542 968 2590 facimus
985 2560 1037 2591 eum
1051 2544 1155 2609 pudore,

136 2628 179 2678 bet
199 2646 306 2692 versum,
331 2632 356 2678 in
375 2646 421 2696 quo
442 2627 571 2689 vocabula,
594 2628 630 2675 in·
663 2625 781 2689 modeste,
804 2628 953 2691 verecunde,
977 2629 1113 2680 dubitantes
1129 2651 1161 2684 an

136 2718 219 2782 primis
234 2717 351 2766 adiectiva
369 2728 393 2766 et
406 2716 566 2778 substantiva,
583 2731 630 2762 non
664 2715 742 2762 lacere
759 2714 887 2763 valeamus.
908 2717 1033 2765 Pudenter
1049 2722 1160 2768 convenit

113 2808 192 2857 'sunt
213 2802 260 2849 alio
282 2812 353 2866 atque
375 2803 423 2851 alio
445 2801 527 2849 ordine
543 2801 627 2864 posita.
663 2797 843 2846 deliberationi:
865 2801 990 2863 pudenter
1014 2807 1159 2855 versandam

127 2887 213 2951 ¹atquc
229 2886 273 2934 hoo
289 2889 336 2935 iam
360 2889 465 2952 antiquis
484 2884 630 2951 temporibus
664 2895 711 2947 est,
729 2885 788 2952 quid
803 2886 898 2936 humeri
914 2889 977 2937 ferre
994 2893 1091 2954 possint.
1110 2892 1158 2941 Hoc
1256 2918 1257 2922 =

135 2970 239 3034 accidit,
264 2980 289 3019 et
309 2970 415 3019 accidere
441 2969 525 3019 debuit
549 2971 574 3018 in
598 2986 626 3017 eo
658 2971 680 3018 si
701 2973 756 3036 quis
779 2973 879 3035 fecerit,
901 2991 1001 3040 suasque
1026 2976 1073 3024 sibi
1094 2979 1156 3027 vires

126 3059 253 3120 carmine,
274 3057 338 3123 quod
361 3059 387 3105 in
408 3056 496 3107 scholis
520 3057 628 3121 magistri
660 3056 767 3104 sufficere
792 3060 908 3121 senserit,
933 3061 1019 3108 ierem
1033 3061 1100 3128 legit
1112 3079 1156 3126 po·

124 3143 367 3211 interpretabantur,
385 3155 409 3194 et
421 3143 485 3210 quod
496 3144 629 3208 saepissime
664 3150 761 3205 tenter,
779 3145 846 3192 euius
860 3145 996 3194 efficiendae
1013 3149 1045 3196 sit
1057 3157 1155 3213 potens.

134 3231 321 3282 describebatur.
335 3231 410 3280 Sonus
418 3228 514 3295 quidem
522 3229 630 3291 inp'rooo
661 3226 741 3275 Talem
764 3244 841 3293 neque
864 3229 977 3279 facundia
1000 3249 1077 3298 neque
1098 3233 1155 3283 ordo

127 3319 221 3374 sivero
245 3332 282 3364 me
308 3316 386 3363 minus
413 3312 529 3374 offendit,
554 3327 625 3377 quam
657 3310 774 3360 deserent.
792 3314 838 3377 Qui
862 3326 943 3364 eontra
967 3316 1028 3384 legit
1043 3337 1093 3369 rem
1105 3338 1153 3386 po·

133 3405 267 3453 ilentleium
280 3402 406 3452 offendisse
422 3400 530 3449 videtur:
547 3398 625 3446 media
657 3399 754 3462 denter,
769 3401 818 3449 suis
825 3401 917 3450 viribus
925 3402 1046 3468 diffidens,
1064 3405 1154 3475 quippe

128 3494 159 3546 ‚in
175 3492 258 3549 trivere
273 3492 313 3539 vix
330 3489 435 3538 auditur.
453 3488 534 3553 Neque
545 3484 626 3534 Sobel·
657 3503 705 3536 non
729 3489 787 3535 satis
812 3488 956 3555 exploratis,
980 3490 1021 3540 hio
1036 3498 1086 3541 iem
1104 3512 1155 3544 eam

133 3577 198 3626 leros
222 3579 247 3625 in
263 3575 325 3627 libro
344 3577 381 3625 do·
395 3575 498 3622 uetiam
518 3578 628 3618 veterator
659 3588 713 3619 raro
743 3571 773 3620 ad
800 3572 888 3622 bouum
914 3576 1005 3626 exitum
1029 3577 1152 3642 perducet.

134 3661 303 3724 Scriptorum,
320 3677 379 3728 pag.
393 3661 456 3722 202,
470 3657 578 3706 bentleio
591 3673 627 3706 as·
659 3658 771 3724 Exempla
783 3659 876 3709 Horatii
891 3660 939 3709 alia
951 3678 998 3735 non
1014 3663 1107 3711 faciunt
1124 3662 1156 3712 ad

126 3747 245 3797 sentitur.
326 3801 329 3806 ¹
660 3743 843 3793 confirmandum
852 3746 989 3808 pudentem
1003 3755 1075 3809 atque
1092 3745 1155 3795 illud

166 3834 329 3898 Spectandum
356 3828 444 3900 nigris
471 3833 563 3894 oeulis,
587 3832 627 3878 ni·
658 3847 703 3879 nee
725 3843 794 3880 mens
814 3834 889 3880 audet
910 3833 970 3879 Rern
993 3839 1089 3880 tentore
1107 3850 1155 3897 po·

130 3936 224 3988 groque
246 3922 343 3984 capillo.
363 3920 472 3970 Animum
493 3936 571 3968 meum
587 3919 627 3967 ad·
660 3920 717 3982 dor,
747 3935 818 3982 quom
848 3921 915 3974 viros
931 3917 1004 3978 serre
1026 3929 1152 3985 recusent,

132 4011 224 4072 vertit,
257 4006 321 4072 quod
350 4007 472 4065 Ciolanus.
490 4005 520 4055 ad
551 4004 628 4053 Ovidii
660 4021 707 4071 quo
720 4003 872 4057 Marklandus
886 4006 972 4054 eximio
985 4007 1089 4075 ¹nititur,
1103 4009 1154 4058 eius

105 4097 210 4149 v-lmor.
235 4096 272 4159 Π,
293 4108 333 4158 tv,
357 4095 404 4155 42,
434 4091 512 4142 locum
538 4092 629 4142 Horatii
661 4091 768 4157 opinioni
792 4090 862 4156 plane
887 4102 1012 4158 repugnat.
1043 4094 1153 4142 Horatius

1006 4195 1027 4255 2
