2752 4844
496 377 556 436 lo
587 376 803 438 PISOMES.
1098 374 1155 436 127

168 577 306 649 Valdius
328 577 473 648 oblectat
490 578 658 672 populum
679 578 868 671 meliusque
888 585 1057 667 moratur,

168 697 277 786 Quom
302 721 417 768 versus
440 699 556 792 inopes
581 721 695 768 rerum
723 720 900 790 nugaeque
920 718 1069 767 canorae.

167 815 276 885 Graiis
298 814 487 909 ingenium,
512 815 621 885 Graiis
644 814 735 885 dedit
756 839 813 886 ore
835 814 981 885 rotundo

168 933 264 1005 Musa
289 933 401 1028 loqui,
427 941 557 1028 praeter
578 933 712 1004 laudem
737 934 865 1004 nullius
890 934 1006 1004 avaris.

168 1039 309 1122 Romani
331 1055 428 1146 pueri
451 1053 559 1146 longis
581 1051 767 1122 rationibus
789 1075 894 1122 assem

166 1169 308 1241 Discunt
327 1172 363 1240 in
386 1179 496 1265 partes
521 1178 656 1241 centum
681 1168 856 1241 diducere:
879 1168 969 1240 dicat
1002 1251 1004 1256 ¹

168 1288 272 1359 Filius
296 1287 428 1359 Albini:
453 1289 480 1358 si
505 1286 548 1359 de
566 1291 758 1382 quincunce
779 1296 906 1360 remota
931 1295 982 1360 est
1046 1348 1049 1356 .

166 1406 288 1498 chia,
310 1406 394 1500 quid
410 1405 575 1503 superet?
600 1408 735 1477 Poteras
754 1406 892 1497 dixisse,
919 1408 1030 1477 triens.
1056 1404 1120 1476 Eu!

132 1675 162 1725 ad
191 1676 323 1725 Ciceronem
357 1674 386 1723 de
412 1675 506 1724 Oratore
535 1673 629 1740 aliaque
660 1672 752 1723 mendis
772 1672 871 1722 obsitus.
895 1675 1004 1722 Itonrunc'
1015 1677 1091 1738 puers¹
1107 1675 1157 1722 ton·

130 1764 219 1827 scripta
231 1761 370 1824 Rhetorica,
385 1771 409 1809 et
419 1760 629 1824 edQuintilianum
657 1761 703 1826 gis
725 1761 867 1808 rationibus
891 1775 971 1808 assem
994 1761 1105 1808 Discunt
1127 1760 1158 1807 s'n

130 1849 188 1896 satis
210 1847 367 1896 illustravere.
408 1847 518 1895 Horatius
548 1854 629 1895 sutem
657 1853 747 1911 portes
766 1853 863 1894 centurn
886 1846 1007 1894 diducere.
1023 1846 1094 1894 dicat
1111 1845 1157 1893 rt-

131 1941 195 1981 arcte
211 1935 291 1980 iunxit
304 1932 627 1996 »fabulaspeer'osuloeiset
659 1934 711 1980 lius
725 1929 827 1995 Atrine,
851 1933 878 1980 si
893 1932 922 1980 dc
937 1933 1070 1995 quincunce
1081 1945 1158 1979 remo-

39 2012 43 2025 '
130 2019 627 2082 recternorcta.”Namspeen'osolocisnon
661 2025 689 2065 tu
701 2025 740 2066 est
756 2019 846 2081 Uncto,
861 2014 1158 2082 quiderrperot?potercs

130 2103 225 2152 suflicit.
242 2103 342 2166 Quintil.
356 2098 434 2152 lns'tit.
453 2103 516 2152 Orat.
532 2103 586 2165 tn,
602 2105 626 2151 1.
659 2104 755 2152 elicisse
777 2105 875 2153 Trr'ons.
900 2105 958 2166 Eu,
983 2105 1045 2152 Rern
1060 2105 1159 2167 poteris

129 2189 262 2253 Plerique,
283 2189 434 2251 eloquentior
449 2189 547 2248 fornum
568 2189 628 2249 affe
659 2203 758 2236 sornors
772 2196 848 2238 toturn.
862 2189 930 2237 redit
940 2186 1157 2252 uncio.·quidfit?

128 2275 361 2335 stantes,contcnti
369 2280 430 2320 sunt
443 2272 629 2336 locisspecc'ose's
659 2273 749 2321 Morata
765 2282 800 2322 cst
813 2275 904 2336 oratio,
922 2283 947 2321 et
964 2276 1101 2339 magistrum
1118 2277 1156 2323 in·

128 2359 212 2422 nwdo,
242 2360 282 2407 vel
307 2360 376 2406 uiuit
398 2357 431 2406 od
458 2358 628 2421 probationem
659 2356 725 2406 ducit
745 2359 779 2407 sic
799 2374 884 2424 pueros
899 2361 1096 2424 interrogantem:
1112 2358 1156 2409 uhi

128 2445 316 2505 conferentibus.
659 2443 761 2507 primum
793 2443 864 2492 dicus
891 2460 979 2508 repono
1003 2461 1045 2509 pro
1071 2446 1155 2494 dicat:

159 2532 269 2579 Discunt
288 2533 318 2577 n'n
337 2537 426 2594 portes
441 2535 538 2577 centurn
553 2528 625 2576 didu-
658 2527 721 2576 illud
741 2530 805 2592 enirn
820 2530 944 2595 sequeutia
959 2529 1089 2594 postulant.
1106 2532 1156 2579 Ds'·

127 2631 188 2666 cero.
212 2618 240 2664 ln
253 2614 393 2681 quibusdem
406 2614 467 2663 MSS.
483 2614 572 2678 legitur
586 2612 626 2661 dc·
656 2615 780 2674 cosfilu'us
793 2615 895 2677 Albini,
912 2613 1015 2678 hocest,
1032 2616 1153 2681 dicostu,

127 2703 220 2751 ducere.
245 2703 317 2749 Dietu
338 2718 385 2749 non
409 2717 468 2765 opus
488 2709 537 2762 est,
554 2708 626 2766 vam
657 2700 701 2762 qui
724 2699 812 2746 Anius
827 2701 905 2761 filius
920 2716 953 2748 es.
986 2703 1105 2750 Mutavere
1124 2702 1154 2752 li-

126 2804 244 2852 perverse.
277 2788 306 2835 Et
329 2785 403 2835 habet
418 2788 464 2834 ista
485 2786 560 2833 forma
580 2779 624 2833 'ali-
656 2782 743 2846 brarii,
757 2786 911 2849 quiafilius,
928 2802 975 2834 uon
989 2787 1037 2847 fili
1054 2785 1094 2834 hic
1110 2786 1153 2836 ha·

126 2871 423 2937 quidcolorislirgiliani,
440 2867 577 2917 utdeneid.
591 2869 622 2931 V,
656 2867 761 2918 heretur.
786 2871 863 2935 Atque
888 2880 912 2918 et
933 2887 1005 2935 supra
1025 2873 1059 2920 sic
1075 2871 1152 2937 loqui·

126 2961 182 3007 720.
209 2960 271 3005 Turn
287 2971 427 3004 verocuros
442 2956 551 3002 unionem
571 2969 624 3001 ocr-
656 2964 710 3018 tur,
731 2971 765 3005 vs.
778 2957 835 3004 292.
854 2971 896 3003 cos
912 2971 925 3003 o
942 2957 1081 3020 Pompilius
1096 2972 1153 3005 son·
1258 2999 1261 3010 ‚

125 3044 197 3091 solat
214 3043 243 3090 r'n
266 3043 354 3089 omnis.
379 3042 453 3089 loeus
476 3057 505 3088 ex
526 3041 624 3106 antiquo
653 3042 728 3106 guis,
754 3057 851 3089 carmen
871 3042 1055 3105 reprehendite:
1078 3045 1152 3093 etsie

124 3130 227 3178 carmine
251 3130 277 3176 in
298 3128 394 3193 papyris
409 3123 624 3174 Herculanensibus
655 3125 698 3174 alii
711 3127 857 3192 frequenter.
880 3126 969 3176 Deinde
982 3143 1025 3192 pro
1038 3137 1151 3193 serperet,

123 3217 233 3276 invento,
247 3215 315 3262 cuius
328 3221 420 3277 partem
437 3209 512 3259 edidit
527 3210 622 3259 Carolus
653 3226 715 3259 unus
739 3219 763 3259 et
786 3210 848 3259 alter
870 3227 900 3260 ex
923 3214 1009 3262 nostris
1024 3223 1149 3279 superest,

123 3299 168 3349 Fca
188 3301 215 3347 in
230 3299 333 3347 Praefat.
358 3296 438 3345 Horat.
463 3312 518 3361 pag.
538 3296 621 3359 XXII,
654 3293 844 3345 Zulichemianus
866 3306 973 3362 serperet.
1002 3298 1151 3350 Probissime.

122 3383 243 3433 videretur
258 3382 289 3433 ad
310 3383 462 3430 Horatinnum
481 3397 551 3447 (Ῑιιαιπ
568 3398 621 3447 pro·
654 3382 746 3444 Dicas,
768 3381 827 3448 quid
848 3380 877 3431 de
898 3385 1031 3448 quincunce
1052 3393 1152 3449 superet

121 3472 185 3519 xime
203 3468 328 3531 accedere,
347 3468 395 3515 nisi
414 3475 474 3514 esset
488 3476 620 3531 corruptas.
654 3467 703 3514 sive
724 3469 839 3532 supersit,
862 3470 971 3518 ciuncia
994 3479 1084 3519 remota
1105 3480 1152 3521 cst.

122 3555 168 3603 Fen
192 3554 278 3604 edidit:
301 3551 405 3601 Plutus
422 3551 522 3598 Nttttrt
542 3551 621 3600 olor·
653 3550 691 3599 Sic
703 3551 776 3601 Serm.
792 3554 818 3616 1,
831 3567 854 3616 1,
870 3570 904 3602 vs.
918 3556 959 3604 49.
974 3557 1015 3604 vel
1022 3557 1076 3619 dr'o,
1091 3556 1153 3618 quid

122 3639 191 3686 cuttu
204 3640 235 3686 ΙΝ
247 3639 340 3689 OMNIS.
357 3635 510 3687 Scribendum
526 3635 618 3686 scilieet
649 3637 743 3698 resinat
755 3639 827 3687 intro
834 3639 948 3691 Naturae
956 3643 1025 3702 fines
1038 3642 1136 3691 virenti
1140 3677 1148 3705 ,

124 3727 160 3773 ita
173 3733 221 3772 est:
237 3725 339 3773 Pontos
356 3723 468 3771 ANIMVM
484 3721 621 3770 omittas
652 3723 742 3789 iugero
757 3732 854 3773 centron
868 3741 902 3773 un
923 3728 998 3774 Mille
1012 3734 1076 3775 oret.
1101 3727 1151 3791 tir-

126 3810 158 3858 ΙΝ
173 3809 267 3858 OMNIS.
655 3809 698 3874 gil.
714 3809 793 3874 Eelog.
808 3810 849 3860 III.
872 3812 936 3872 Dic,
954 3812 1042 3873 puriores
1053 3814 1084 3860 in
1100 3820 1152 3861 ter·

156 3894 333 3943 Dicot’llle'us
349 3895 450 3955 Aterni,
467 3896 493 3941 st
505 3894 535 3942 de
548 3894 622 3957 quin-
653 3895 693 3942 rr's
720 3895 843 3957 inseripti
863 3896 963 3943 nomino
983 3911 1068 3961 regum
1097 3898 1150 3946 No·

124 3996 198 4028 cunco
213 3986 306 4027 rornota
323 3986 362 4027 est
381 3979 465 4026 Uner'o.
483 3978 558 4027 Locus
572 3994 620 4027 non
652 3965 755 4026 scantur
764 3980 858 4041 flores,
875 3981 1151 4044 crroyurdusoturtn

121 4066 244 4115 admodum
267 4064 387 4125 difficilis,
408 4063 519 4128 pluribus
539 4073 617 4114 tamen
651 4067 710 4112 leto.
748 4063 817 4112 Porro
845 4080 888 4129 pro
913 4073 1016 4130 poteras
1048 4079 1150 4134 quatuor
