2752 4844
198 419 239 480 36
462 421 677 483 notatu
706 423 952 484 EPISTOLA

221 620 330 692 Multa
351 629 582 712 renascentur,
602 645 689 715 quae
709 624 774 692 iam
791 623 955 711 cecidere,
976 624 1184 719 cadentque,
1261 676 1265 681 -

187 847 265 911 regis.
292 843 417 910 Inlgdtum
441 844 501 894 vidit
525 845 623 909 Quintil.
646 847 684 892 In·
715 846 786 910 sent),
801 849 835 895 ita
849 857 926 895 tamen
940 847 1219 914 Invnlgatisseenreae-

187 933 237 980 stit.
260 931 321 979 Orat.
343 932 408 993 tut,
433 945 470 992 vt,
492 933 531 979 23.
564 932 685 994 Receptus
716 934 834 996 quiescere
844 950 889 980 non
906 950 1006 997 possum.
1019 936 1165 998 Quapropter
1175 951 1217 999 pro

185 1015 250 1066 idem
263 1027 313 1078 est,
326 1017 388 1082 qnod
403 1016 444 1064 alii
452 1015 682 1065 dieuntimmissrm.
717 1017 798 1065 REGIS
817 1018 966 1067 scribendum
991 1019 1092 1067 arbitror
1110 1021 1147 1068 vel
1170 1022 1219 1068 llll·

185 1102 232 1152 Res
252 1113 307 1151 nota
324 1101 352 1150 de
369 1104 454 1152 Xerxe.
480 1101 536 1150 Vide
557 1104 635 1150 Burm.
653 1103 684 1151 ad
715 1103 784 1150 Gllll
801 1104 837 1151 vel
857 1104 946 1152 sums.
968 1107 1074 1169 Regium
1093 1122 1152 1168 opus
1169 1107 1218 1153 for-

183 1187 280 1236 Antbol.
293 1188 319 1236 T.
334 1190 359 1248 l,
373 1204 426 1252 pag.
441 1189 495 1236 191.
714 1198 774 1235 tasse
798 1191 928 1254 signifieare
952 1191 1030 1254 potuit
1050 1193 1146 1254 regale,
1173 1190 1217 1240 boo

217 1275 296 1338 Regis
312 1289 377 1336 opus.
402 1273 500 1322 Romani
521 1283 573 1337 post
588 1261 684 1338 Tarqui-
716 1284 751 1320 est
766 1291 820 1338 rege
835 1273 939 1339 dignum.
964 1276 1107 1340 Quamquam
1125 1286 1217 1324 veteres

183 1361 250 1408 oium
268 1357 400 1424 Superbum
422 1360 544 1406 anomine
562 1360 636 1422 regni
658 1368 682 1405 et
714 1359 863 1406 Grammatiei
884 1362 947 1407 inter
972 1371 1099 1425 utrumque
1119 1361 1217 1410 adieeti-

183 1445 253 1509 regis
276 1443 486 1492 ¹vehementissime
512 1443 678 1492 abhorrebant.
713 1461 766 1491 vum
790 1444 961 1493 discernebant.
988 1447 1012 1495 si
1031 1450 1081 1511 ipsa
1101 1446 1216 1512 Sripionis

182 1528 322 1578 Plutarchus
345 1532 371 1577 in
395 1531 495 1578 Antonio
519 1534 562 1591 12,
594 1532 679 1577 mirum
712 1529 782 1577 verba
799 1531 881 1578 latina
904 1533 1001 1594 scirem,
1025 1549 1085 1597 qnae
1103 1532 1215 1598 Polybius
1293 1535 1296 1543 “

182 1615 253 1678 elicit,
270 1614 333 1681 quod
354 1616 451 1663 Romani
467 1623 524 1670 τοῖς
541 1613 626 1679 ἔργοις
643 1618 679 1664 τὰ
711 1616 797 1663 Graece
820 1616 904 1663 retulit
919 1618 953 1678 X,
973 1619 1018 1680 40,
1036 1620 1125 1665 eortius
1142 1617 1170 1665 de
1188 1635 1214 1666 re

180 1702 236 1751 τῶν
262 1699 459 1761 βασιλευόντων
489 1701 680 1760 ὑπομένοντες,
699 1703 758 1762 ιἰεῑο
779 1712 914 1749 statuerem.
935 1702 1012 1767 Scipio
1026 1702 1132 1751 dicebat:
1150 1704 1214 1750 Bn-

179 1788 299 1846 τοϋιόμιι
317 1790 365 1838 τοῦ
384 1786 525 1846 βασιλέως,
553 1785 681 1842 denoted·
715 1786 811 1844 σιλικὸς
839 1784 886 1846 μὲν
912 1788 1068 1848 ssobliobro
1095 1791 1140 1836 καὶ
1168 1776 1214 1839 lb·

180 1873 254 1922 irruis
275 1880 323 1938 τῆς
348 1873 520 1938 ἐλευθερίοις,
553 1871 673 1933 ἔφευγον.
709 1874 808 1934 γοοθιιι
825 1877 898 1937 παρὰ
912 1879 990 1932 πᾶσι,
1013 1877 1129 1933 καὶτοῖς
1145 1877 1214 1942 ἀλη-

179 1957 243 2007 lllud
267 1975 355 2006 nomen
374 1960 463 2006 nemini
484 1959 594 2004 maiorem
618 1959 678 2004 invi·
712 1959 802 2014 θείαις
838 1958 979 2024 ὑπάρχειν.
1020 1962 1149 2020 βιισιλείς
1181 1981 1212 2025 γε

180 2043 242 2092 diam
264 2044 388 2091 coneiliare
410 2052 520 2108 poterat,
542 2059 611 2107 quam
632 2044 679 2089 Au·
712 2048 764 2107 μὴν
800 2044 862 2092 odie
890 2046 996 2094 initos
1026 2039 1112 2105 risus,
1146 2049 1211 2100 obre

178 2139 262 2194 gusto,
288 2128 340 2190 illi,
367 2130 409 2193 qui
431 2126 566 2176 libertatem
595 2145 676 2175 revera
710 2127 838 2190 birro-boi
857 2129 1037 2195 oiseii-mot.
1062 2135 1119 2182 Usus
1133 2144 1212 2184 tamen

178 2225 342 2281 oppresserat,
361 2214 401 2262 sed
416 2213 521 2261 umbram
539 2224 563 2260 et
577 2215 679 2278 speeiem
713 2215 784 2263 luisse
826 2216 919 2265 videtur
950 2218 1066 2267 adieetivo
1099 2223 1211 2285 regulis,

178 2300 356 2366 diligentissime
377 2299 492 2348 servabat.
511 2300 600 2363 Quare,
616 2309 675 2347 teste
709 2301 771 2365 quod
792 2303 872 2350 livius
899 2304 995 2367 xxvu,
1029 2309 1069 2368 19,
1095 2306 1210 2354 ostendit:

177 2386 288 2435 Suetonio
305 2403 356 2450 rap.
374 2388 422 2447 53,
447 2386 570 2432 domiuum
587 2401 612 2432 sa
634 2402 675 2450 ap·
708 2386 765 2433 Sibi
788 2389 922 2433 omonimum
946 2405 1030 2436 nornen
1052 2393 1213 2454 imperatoris

172 2473 268 2537 pallori
280 2487 309 2518 na
331 2487 346 2518 a
363 2472 451 2518 liberis
465 2472 562 2532 quidm
577 2478 623 2517 aot
636 2486 676 2517 ne·
708 2486 773 2532 esse,
799 2487 844 2532 quo
866 2486 892 2518 se
916 2473 1014 2520 militas
1032 2477 1074 2521 sui
1091 2479 1212 2539 appellus·

171 2559 275 2623 potibus
284 2559 353 2618 mis,
372 2558 411 2604 vel
422 2557 487 2604 sario
500 2558 540 2604 ool
554 2559 605 2604 ioco
616 2574 675 2620 pas-
708 2563 770 2604 sent.
787 2557 893 2621 Regium
907 2573 992 2605 nornen
1005 2561 1068 2607 alibi
1081 2577 1209 2626 inagnum,

175 2650 284 2691 ausast:
300 2651 373 2705 etqua
386 2643 526 2691 huiusmodi
536 2643 674 2690 bbmditius
706 2643 795 2689 Rornae
819 2643 977 2692 intolerabile
1001 2661 1060 2694 esee.
1093 2648 1210 2712 Regulom

175 2731 253 2777 etiam
274 2731 342 2776 iuter
362 2730 430 2792 ipsos
445 2730 580 2793 probibuit.
615 2729 675 2792 Quo·
707 2728 816 2775 anienem
832 2729 861 2775 in
885 2744 912 2776 se
930 2745 998 2790 esse,·
1021 2733 1047 2778 si
1070 2732 1100 2779 id
1119 2734 1147 2778 in
1168 2735 1209 2781 bo-
1230 2752 1234 2759 ·

173 2814 242 2864 nodo
258 2817 304 2864 iam
323 2815 432 2863 Horatius
453 2831 525 2880 opus,
548 2831 629 2861 reeens
644 2811 674 2861 ab
707 2814 787 2860 acinis
809 2815 912 2880 ingenio
940 2819 1120 2881 ooopliseimom
1140 2820 1209 2867 duce-

173 2901 278 2967 Augusto
295 2911 454 2962 exstructum,
471 2898 578 2948 omnibns
593 2909 675 2947 notum
708 2907 779 2962 rent,
798 2903 875 2948 tacite
889 2902 1046 2964 iudicarent,-
1064 2907 1208 2952 vocisumr·

174 2997 199 3036 et
213 2987 349 3049 laudatum,
368 2987 488 3051 appellare
503 2983 601 3032 auderet
616 3002 674 3049 opus
703 2988 807 3050 potiorm
823 2988 986 3037 abstinerent.
1005 2990 1091 3053 Quodsi
1108 2993 1153 3039 iam
1172 3007 1208 3037 re·

174 3069 265 3138 regis?
288 3073 336 3120 Hoc
353 3072 411 3120 duos
427 3082 519 3119 veteres
534 3071 673 3133 Germanos,
703 3073 777 3136 gisem
794 3088 853 3135 opatu
877 3090 924 3121 non
942 3084 1029 3122 temere
1048 3076 1142 3123 admitti
1156 3092 1208 3140 pos-

165 3159 301 3208 ‘desuetum
328 3168 352 3206 et
378 3159 508 3225 lleynium,
527 3158 617 3219 movit,
646 3167 673 3204 ut
706 3141 757 3218 sit,
774 3157 849 3204 multo
863 3161 939 3206 minus
953 3170 1030 3224 potest
1046 3162 1115 3224 regie
1131 3176 1207 3222 opus:

173 3261 255 3311 regem
268 3262 314 3294 non
334 3243 362 3293 de
384 3247 500 3309 Augusto,
524 3241 564 3291 sed
584 3241 626 3290 ille
643 3242 673 3290 ad
707 3251 741 3289 est
756 3243 835 3304 enim,
854 3241 916 3308 quod
932 3247 982 3308 ipse
1000 3261 1058 3306 rex,
1072 3247 1205 3309 Augustus,

170 3331 197 3381 h.
209 3331 226 3380 l.
241 3330 269 3379 de
279 3331 371 3392 Xerxe,
385 3329 423 3379 hic
438 3328 467 3378 ad
483 3328 574 3394 Virgilii
588 3328 671 3393 Georg.
706 3329 837 3376 constituit.
871 3329 908 3377 Sir
939 3331 1019 3378 Florus
1042 3332 1066 3392 I,
1093 3334 1115 3378 l.
1142 3333 1206 3380 Albo

169 3420 207 3481 lb,
233 3419 294 3480 101,
317 3415 345 3465 de
368 3433 423 3482 rege
443 3415 521 3481 aliquo
539 3414 670 3462 Ptolemaeo
705 3420 762 3460 tuno
786 3422 842 3461 arat
860 3416 934 3462 Latio
950 3424 1037 3479 capot,
1062 3417 1117 3463 Iuli
1138 3433 1204 3480 opos.

172 3514 198 3555 et
230 3513 300 3569 portu
324 3501 499 3563 Alexandrino,
528 3501 671 3564 arriperent.
706 3497 770 3546 Idem
791 3501 816 3562 1,
838 3502 875 3549 18.
905 3503 1029 3548 Tarentos
1050 3503 1205 3550 Lacedaemo·

168 3588 239 3656 Quod
256 3599 285 3638 ut
309 3587 368 3636 mihi
392 3604 438 3635 nou
454 3584 585 3633 verosimile
609 3582 674 3632 vide·
706 3585 878 3650 niorumopus.
893 3588 1203 3638 Ausoniusinlllosella289.

173 3687 228 3740 tur,
261 3674 316 3740 (nou
341 3675 403 3722 enim
429 3671 509 3738 plaeet
533 3680 581 3718 tam
602 3668 672 3736 longe
706 3671 771 3728 Quis
784 3672 945 3719 Obulcodonio
961 3671 1079 3736 (miretur)
1096 3683 1205 3722 constra-

172 3763 275 3828 pstitum
294 3757 428 3824 exemplum
450 3757 513 3804 inter
534 3754 580 3803 duo
594 3753 672 3803 dome·
706 3763 758 3804 tum
774 3758 802 3804 ab
818 3758 893 3805 litore
909 3765 1030 3821 pontum,
1050 3761 1130 3824 Regio
1145 3777 1204 3825 opus

170 3848 247 3910 suoi,
268 3863 344 3913 neque
366 3853 427 3892 esset
447 3841 556 3891 derorum
574 3840 669 3889 silentio
701 3844 796 3908 onagri.
826 3843 882 3891 Ideo
906 3846 983 3893 verius
1004 3845 1096 3895 iudico:
1132 3847 1204 3895 Urbis

172 3917 302 3998 prdlerirs
322 3932 468 3998 Augustum,
492 3929 577 3996 quiin
601 3928 671 3976 ltalia
703 3945 769 3992 opus.
790 3929 885 3977 Veteres
906 3931 1030 3995 appellant
1045 3948 1113 3980 omne
1129 3947 1201 3995 opus,

172 4032 249 4084 super
271 4018 378 4080 fecerat,
403 4015 466 4084 qnod
486 4014 581 4064 barbari
601 4029 669 4078 reges
700 4015 814 4063 inusitata
837 4014 999 4081 magnitudine
1025 4033 1053 4065 ao
1077 4015 1201 4080 splendore

174 4101 216 4153 tin
231 4112 302 4152 entes
319 4098 390 4168 longe
405 4110 473 4151 extre
487 4100 581 4150 Italiam
601 4099 671 4148 lesis-
704 4099 837 4163 excellens,
868 4102 938 4150 urbis
967 4117 1033 4167 opus.
1067 4102 1200 4168 Virgilius,
