2752 4844
193 379 249 439 174
451 378 661 440 llOllA'lll
692 379 935 439 Erlstott

183 556 292 622 Caetera,
313 561 340 607 ni
356 559 440 622 fallor,
458 545 587 625 appellavil
603 561 676 607 Satu-
708 561 768 607 varii
781 559 1121 624 argumentisarmina,omnis
1134 571 1208 622 gene·
1295 618 1298 623 1

184 658 246 690 rom.
269 645 306 692 lta
325 646 435 693 Horatius
454 661 496 693 sua
517 654 601 692 cuncta
621 660 676 709 poe-
707 646 753 707 ris,
770 654 934 710 praeterquam
950 646 1016 709 Epici
1031 654 1055 692 et
1069 644 1208 693 Dramatici.

184 739 260 792 mata,
285 746 315 778 ne
335 731 425 797 Lyricis
441 730 536 796 quidem
553 731 681 796 exceptis,
707 730 1208 796 VirgiliideneisestcarmenEpicum,opus
1231 781 1234 785 ἵ

184 815 305 880 appellare
326 818 406 882 potuit
430 819 555 865 Saturam,
585 815 630 864 Sed
652 832 679 864 ea
710 832 784 863 unum
801 826 825 864 et
842 819 986 865 continuum.
1003 816 1099 864 Caetera
1111 815 1208 880 Virgilii

183 900 278 950 videtur
300 905 348 951 iam
369 913 420 951 tum
436 901 564 951 obtinuisse
581 918 677 950 consue·
708 904 822 965 carmina,
839 903 963 965 Bucolica,
975 903 1102 967 Georgica,
1116 911 1145 948 'et
1158 885 1209 949 alia

184 986 255 1050 tudo,
269 997 309 1050 ut,
326 989 347 1036 si
358 990 475 1037 variorum
489 990 617 1038 carminum
630 989 678 1037 far-
709 987 837 1053 quaedam,
850 998 906 1036 sunt
919 987 1025 1053 Eclogae.
1040 987 1130 1035 Plinius
1142 987 1207 1034 Hen-

181 1090 238 1139 rago
251 1091 324 1122 unum
337 1073 559 1137 haberetmetrum,
571 1075 678 1124 eaetiam
710 1073 865 1140 decasyllabie
885 1075 934 1121 suis
953 1073 1052 1122 titulum
1067 1071 1208 1138 Eclogarum

182 1175 267 1208 nomen
283 1177 297 1209 e
312 1171 387 1208 metro
402 1163 528 1225 acciperet.
544 1160 590 1208 lles
606 1176 677 1225 appa·
708 1176 755 1208 nou
770 1157 937 1209 interdicebat.
954 1160 1035 1208 Omnia
1044 1159 1136 1207 Horatii
1149 1174 1208 1222 ope-

183 1254 220 1293 ret
243 1263 272 1294 ex
295 1246 372 1294 Plinio
395 1247 468 1310 Epist.
488 1246 592 1314 1V,14.
623 1247 678 1293 »Ire
708 1247 773 1294 rain
787 1244 927 1310 quibusdam
939 1245 999 1293 MSS.
1015 1243 1127 1293 dicuntur
1140 1243 1208 1291 Ecle-

182 1332 399 1394 Ilertdecosyllaiis
411 1334 534 1393 iocamur,
554 1332 676 1394 ludimus,
709 1347 761 1397 gae.
776 1331 850 1379 lulius
863 1330 957 1391 Florus,
972 1329 1002 1378 ad
1015 1346 1085 1395 quem
1096 1329 1209 1378 Horatius

182 1432 308 1480 amemus,
328 1418 447 1479 dolemus,
466 1418 608 1480 querimur,
625 1418 678 1464 iro·
710 1418 803 1481 scripsit
823 1416 949 1480 Epistolam
966 1417 1060 1463 tertiam
1073 1413 1140 1462 libri
1157 1415 1209 1480 pri·

182 1503 291 1550 scimur:
311 1502 471 1550 describimus
493 1502 592 1564 aliquid
610 1503 676 1550 modo
708 1503 755 1564 mi,
777 1503 844 1563 fuit,
865 1511 925 1549 teste
941 1500 1115 1567 Porphyrioue,
1134 1503 1208 1549 Soti·

177 1590 305 1652 pressius,
322 1588 390 1635 modo
405 1589 513 1651 oltricus,
528 1595 601 1650 etque
617 1589 674 1652 ipsc
705 1603 790 1635 rorum
806 1589 926 1651 scriptor,
940 1589 1012 1635 cuius
1027 1594 1086 1635 suot
1102 1588 1207 1635 Electae

181 1674 305 1722 verietate
325 1674 455 1737 «efficimus,
477 1681 507 1721 ut
527 1675 580 1721 alia
600 1675 675 1737 aliis,
709 1689 740 1721 ec
755 1674 852 1735 Ennio,
866 1674 976 1735 Lucilio,
993 1674 1107 1722 Varrone.
1124 1672 1208 1723 Florus

179 1759 416 1822 quaedamsertasse
432 1760 541 1807 monibus
551 1760 675 1823 placeant.
709 1757 851 1806 carminibus
875 1761 924 1807 suis
945 1759 1044 1807 titulum
1058 1759 1209 1825 Eclogarum

185 1845 264 1893 Urium
278 1846 344 1893 illud
357 1845 548 1910 praedabundum
563 1846 677 1908 videtur,
710 1843 800 1892 dedisse
816 1843 925 1905 videtur,
942 1861 1014 1910 quas,
1028 1847 1139 1912 quoniam
1155 1844 1208 1911 ple·

180 1933 292 1994 cogitare
307 1947 345 1978 me
356 1933 401 1979 locs
412 1947 493 1995 nugas
505 1945 572 1978 meus
584 1932 676 1978 iuscri-
706 1946 794 1995 raeque
811 1940 878 1978 eraut
894 1929 998 1993 liberae,
1015 1930 1088 1978 salsae
1103 1940 1128 1978 et
1139 1947 1209 1979 acen

176 2017 236 2064 bere
260 2013 473 2081 Hendecasyllabi,
510 2017 554 2079 pui
583 2017 676 2063 titulus
707 2012 765 2077 bae,
778 2016 947 2064 Grammaticus
960 2016 1067 2081 appellat
1088 2018 1207 2079 Satires,

181 2103 235 2149 colet
241 2102 578 2166 rwtrilegecorsstriogitur.
591 2101 680 2149 Proin·
711 2099 750 2148 vel
766 2102 859 2165 potius,
878 2111 907 2148 ut
919 2103 1038 2165 scripsisse
1059 2118 1112 2149 eum
1129 2111 1206 2166 puto,

182 2188 227 2250 do,
248 2188 302 2236 sice
316 2188 488 2253 Epigrammata
505 2188 560 2235 sire
575 2185 676 2252 Hyllis,
708 2187 823 2250 Satyros.
846 2186 927 2234 florus
947 2188 973 2235 in
993 2186 1031 2234 liis
1046 2186 1121 2235 multa
1142 2203 1208 2236 sum·

182 2276 236 2323 sive
251 2273 362 2340 Eclogas,
384 2275 452 2336 sice,
468 2274 602 2335 etmulti,
621 2272 680 2323 Poe-
709 2273 767 2320 sisse
792 2271 887 2321 videtur
909 2289 938 2321 ex
959 2273 1046 2335 Ennio,
1067 2272 1159 2322 Lucilio
1182 2283 1209 2322 et

180 2361 271 2424 mutia,
295 2376 339 2408 scu
359 2360 421 2423 quod
437 2359 509 2407 aliud
527 2374 612 2407 cocere
626 2373 677 2405 mo·
708 2358 818 2406 Varrone.
840 2359 903 2422 Quae
927 2356 1005 2407 adhuc
1024 2358 1054 2407 dc
1071 2361 1165 2409 Sutura
1181 2369 1208 2409 et

86 2448 89 2452 ’
183 2447 279 2507 lucris,
301 2447 386 2493 licebit
404 2460 480 2492 voces.
502 2444 558 2507 Ego
580 2450 677 2491 tontum
708 2444 812 2508 Eclogis
827 2442 892 2506 dixi,
914 2461 943 2493 ea
958 2445 1057 2493 fortasse
1074 2445 1208 2494 confirmari

175 2529 394 2596 lleudecasyllabos
412 2532 542 2594 praesto.’'
565 2527 600 2575 dd
625 2544 675 2575 eam
707 2530 839 2594 potuissent
853 2545 882 2577 ex
894 2530 997 2592 Acrone,
1014 2532 1048 2591 si,
1062 2528 1124 2594 quod
1134 2528 1207 2578 Sebo-

178 2618 297 2666 rationem
312 2617 414 2663 carmina
429 2615 531 2676 Horatii,
548 2614 613 2662 otus
624 2613 677 2662 rul-
707 2614 758 2663 lion
773 2630 836 2677 nuuc
853 2624 931 2663 exstat
946 2613 977 2664 ad
992 2615 1168 2678 Sermon.ll,1,
1179 2619 1205 2666 1.

175 2719 211 2769 go
226 2701 372 2768 appellatas,
393 2699 514 2766 appellare
530 2700 675 2763 licetLyri·
706 2698 769 2748 illud
789 2698 820 2748 ad
840 2717 883 2748 nos
906 2703 1051 2766 pervenisset
1075 2703 1205 2767 integrum.

174 2804 224 2837 cc:
243 2804 304 2854 quae
326 2796 406 2836 autem
429 2785 501 2851 vulgo
522 2785 674 2850 appellantur
705 2785 815 2834 Pervenit
838 2795 918 2835 autem
942 2803 1051 2836 mancum
1075 2796 1100 2836 et
1124 2803 1205 2836 corru-

178 2875 290 2923 Sotiree'
309 2880 334 2922 et
359 2874 505 2937 Epictetus,
535 2887 677 2937 quamquam
708 2880 790 2936 ptum:
808 2872 880 2922 »alii
894 2872 985 2922 nullius
1001 2875 1114 2923 momenti
1129 2875 1208 2924 etni-

178 2976 259 3009 omnes
290 2969 365 3008 metro
396 2957 492 3007 heroico
516 2957 675 3022 compositae,
707 2959 753 3006 mis
778 2973 856 3007 acrem
879 2957 962 3007 dicunt
985 2959 1085 3009 satiram
1108 2976 1203 3024 meam,

176 3044 237 3094 baec
251 3061 300 3093 non
314 3050 380 3093 recte'
396 3043 502 3110 appelles
515 3044 673 3092 Hercontre.
706 3042 750 3092 elii
768 3041 851 3092 dicunt
874 3045 924 3092 sine
948 3045 1027 3093 nervis
1050 3060 1114 3108 esse,
1139 3044 1205 3111 quot

176 3132 236 3180 llam
252 3141 277 3179 et
291 3130 432 3180 Hexamctra
447 3138 503 3177 sunt
515 3126 620 3193 duplicis
633 3143 674 3192 ge·
699 3129 807 3194 scripsi,
832 3129 849 3177 i.
870 3144 891 3177 e.
913 3129 969 3177 sine.
988 3127 1079 3180 viribus
1101 3131 1203 3195 ingenii.

175 3218 257 3279 ner'is,
281 3215 382 3265 iambica
403 3225 428 3263 et
448 3214 560 3276 heroica,
582 3222 607 3262 et
622 3229 671 3261 me·
701 3214 796 3278 Eclogc
811 3211 871 3262 boec
888 3217 966 3264 omnic
982 3214 1069 3264 habet:
1087 3218 1108 3266 si
1122 3215 1154 3265 ad
1165 3216 1204 3264 Io·

175 3312 242 3351 trum
255 3304 282 3351 iu
297 3302 380 3350 Satiris
392 3302 444 3349 istis
461 3309 486 3348 et
497 3299 608 3365 Epistolis
622 3308 672 3348 tam
703 3315 770 3361 rem,
787 3300 872 3363 hymni
876 3320 888 3360 ,·
902 3301 925 3349 si
932 3299 963 3350 ad
975 3301 1109 3366 Apollinem
1116 3311 1159 3351 aut
1171 3301 1206 3352 ad

173 3388 326 3455 negligenter
342 3387 481 3452 plerumque
497 3395 605 3434 curatum
619 3394 668 3448 est,
701 3385 799 3433 Dianam
821 3394 863 3434 aut
882 3385 913 3434 ad
933 3387 1060 3449 Latonam,
1075 3403 1201 3451 paeones,-

172 3484 204 3523 ut
224 3489 299 3539 acque
320 3482 392 3538 atque
407 3472 459 3537 ipsa
474 3472 549 3519 oratio
564 3472 670 3536 proxime
700 3468 769 3519 siud
784 3469 895 3519 Liberum
912 3482 954 3521 aut
970 3472 1095 3535 Semelen,
1115 3473 1202 3536 ditty-

174 3559 206 3608 ad
225 3575 318 3625 prosam
333 3557 445 3620 accedat,
466 3567 492 3605 et
507 3558 585 3605 omnia
600 3565 671 3621 quam
701 3557 797 3618 rumbi5
822 3555 894 3606 siud
916 3567 1007 3608 ceteros
1023 3559 1097 3621 Deos,
1114 3573 1203 3622 proso·

171 3644 297 3694 simillima
304 3646 353 3703 sint
365 3644 473 3693 sernmoi
478 3679 486 3705 ‚
500 3644 672 3704 Sermmesquc
701 3641 774 3703 dioe5
791 3644 813 3691 si
828 3642 859 3691 ad
873 3642 993 3708 homiues,
1011 3643 1095 3693 laudes
1106 3652 1150 3694 aut
1162 3646 1204 3694 ci-

174 3730 285 3779 Horatius
317 3731 368 3795 ipse
400 3728 574 3790 nominaverit,
607 3725 671 3774 unde
704 3731 900 3792 tuperaticrces.’'

174 3815 325 3864 Grammatici
347 3813 444 3881 (suidam
463 3812 509 3860 boc
530 3809 670 3860 vocabulum
734 3813 1202 3876 QuoordineHoratiussuacarmiuaedi·

174 3917 217 3966 pro
234 3901 306 3950 titulo
322 3903 426 3966 posubse
442 3898 560 3948 videntur.
705 3895 1204 3964 derit,velamicipostmortenrilliuscon·

206 3987 235 4034 Et
252 3996 338 4036 cuncta
352 3986 442 4034 Horatii
454 3993 562 4049 poemata
575 3981 674 4032 inscribi
704 3984 844 4047 iunxerint,
864 4002 934 4051 quem
953 3986 1052 4034 titulum
1069 3989 1202 4036 coniunctis

174 4080 305 4137 potuerunt
326 4072 445 4136 Eclogac,
467 4068 512 4116 hoc
533 4078 569 4117 est
585 4067 673 4116 selecta
703 4071 1201 4138 praeposuerint,noucoustat.Quasnuuc
