<?xml version="1.0" encoding="UTF-8"?>
<!DOCTYPE html PUBLIC "-//W3C//DTD XHTML 1.0 Transitional//EN"
    "http://www.w3.org/TR/xhtml1/DTD/xhtml1-transitional.dtd">
<html xmlns="http://www.w3.org/1999/xhtml" xml:lang="en" lang="en">
 <head>
  <title>
</title>
<meta http-equiv="Content-Type" content="text/html;charset=utf-8" />
  <meta name='ocr-system' content='tesseract 3.04.00' />
  <meta name='ocr-capabilities' content='ocr_page ocr_carea ocr_par ocr_line ocrx_word'/>
</head>
<body>
  <div class='ocr_page' id='page_1' title='image "./qhoratiiflaccie01horagoog_0128.png"; bbox 0 0 2752 4844; ppageno 0'>
   <div class='ocr_carea' id='block_1_1' title="bbox 512 371 1236 449">
    <p class='ocr_par' dir='ltr' id='par_1_1' title="bbox 512 371 1236 449">
     <span class='ocr_line' id='line_1_1' title="bbox 512 371 1236 449; baseline 0.001 -18"><span class='ocrx_word' id='word_1_1' title='bbox 512 371 572 431; x_wconf 27' lang='lat' dir='ltr'><strong>bil)</strong></span> <span class='ocrx_word' id='word_1_2' title='bbox 604 373 819 436; x_wconf 83' lang='lat' dir='ltr'><strong>PISONES.</strong></span> <span class='ocrx_word' id='word_1_3' title='bbox 1112 373 1169 433; x_wconf 87' lang='lat'><strong>119</strong></span> <span class='ocrx_word' id='word_1_4' title='bbox 1233 445 1236 449; x_wconf 15' lang='lat'><strong><em>⁴</em></strong></span> 
     </span>
    </p>
   </div>
   <div class='ocr_carea' id='block_1_2' title="bbox 164 564 1224 1021">
    <p class='ocr_par' dir='ltr' id='par_1_2' title="bbox 164 564 1224 1021">
     <span class='ocr_line' id='line_1_2' title="bbox 182 564 1224 665; baseline 0.002 -25"><span class='ocrx_word' id='word_1_5' title='bbox 182 572 356 665; x_wconf 84' lang='lat' dir='ltr'><strong>Quemque</strong></span> <span class='ocrx_word' id='word_1_6' title='bbox 377 578 552 665; x_wconf 84' lang='lat' dir='ltr'><strong>poetarum</strong></span> <span class='ocrx_word' id='word_1_7' title='bbox 576 572 674 643; x_wconf 87' lang='lat' dir='ltr'><strong>limae</strong></span> <span class='ocrx_word' id='word_1_8' title='bbox 698 572 809 663; x_wconf 92' lang='lat' dir='ltr'><strong>labor,</strong></span> <span class='ocrx_word' id='word_1_9' title='bbox 838 583 872 644; x_wconf 94' lang='lat' dir='ltr'><strong>et</strong></span> <span class='ocrx_word' id='word_1_10' title='bbox 889 596 992 643; x_wconf 91' lang='lat' dir='ltr'><strong>mora.</strong></span> <span class='ocrx_word' id='word_1_11' title='bbox 1017 572 1136 662; x_wconf 79' lang='lat' dir='ltr'><strong>Vos,o</strong></span> <span class='ocrx_word' id='word_1_12' title='bbox 1223 564 1224 567; x_wconf 44' lang='lat'>&#39;</span> 
     </span>
     <span class='ocr_line' id='line_1_3' title="bbox 164 667 1137 785; baseline 0.002 -27"><span class='ocrx_word' id='word_1_13' title='bbox 164 667 365 784; x_wconf 43' lang='lat' dir='ltr'><strong>&#39;Pompilius</strong></span> <span class='ocrx_word' id='word_1_14' title='bbox 378 691 533 782; x_wconf 83' lang='lat' dir='ltr'><strong>sanguis,</strong></span> <span class='ocrx_word' id='word_1_15' title='bbox 545 713 679 760; x_wconf 88' lang='lat' dir='ltr'><strong>carmen</strong></span> <span class='ocrx_word' id='word_1_16' title='bbox 699 691 949 785; x_wconf 88' lang='lat' dir='ltr'><strong>reprehendite,</strong></span> <span class='ocrx_word' id='word_1_17' title='bbox 963 689 1057 783; x_wconf 90' lang='lat' dir='ltr'><strong>quod</strong></span> <span class='ocrx_word' id='word_1_18' title='bbox 1067 714 1137 761; x_wconf 90' lang='lat' dir='ltr'><strong>non</strong></span> 
     </span>
     <span class='ocr_line' id='line_1_4' title="bbox 179 790 1125 909; baseline 0.001 -32"><span class='ocrx_word' id='word_1_19' title='bbox 179 805 287 909; x_wconf 85' lang='lat' dir='ltr'><strong>Multa</strong></span> <span class='ocrx_word' id='word_1_20' title='bbox 311 807 382 879; x_wconf 88' lang='lat' dir='ltr'><strong>dies</strong></span> <span class='ocrx_word' id='word_1_21' title='bbox 405 818 439 878; x_wconf 92' lang='lat' dir='ltr'><strong>et</strong></span> <span class='ocrx_word' id='word_1_22' title='bbox 459 807 567 878; x_wconf 90' lang='lat' dir='ltr'><strong>multa</strong></span> <span class='ocrx_word' id='word_1_23' title='bbox 592 808 694 878; x_wconf 91' lang='lat' dir='ltr'><strong>litura</strong></span> <span class='ocrx_word' id='word_1_24' title='bbox 715 811 882 899; x_wconf 83' lang='lat' dir='ltr'><strong>coercuit,</strong></span> <span class='ocrx_word' id='word_1_25' title='bbox 909 817 1011 901; x_wconf 79' lang='lat' dir='ltr'><strong>atque</strong></span> <span class='ocrx_word' id='word_1_26' title='bbox 1122 790 1125 796; x_wconf 32' lang='lat'>⁵</span> 
     </span>
     <span class='ocr_line' id='line_1_5' title="bbox 178 924 1031 1021; baseline 0.002 -28"><span class='ocrx_word' id='word_1_27' title='bbox 178 924 368 996; x_wconf 78' lang='lat' dir='ltr'><strong>Perfectum</strong></span> <span class='ocrx_word' id='word_1_28' title='bbox 390 925 497 997; x_wconf 89' lang='lat' dir='ltr'><strong>decies</strong></span> <span class='ocrx_word' id='word_1_29' title='bbox 518 949 590 996; x_wconf 91' lang='lat' dir='ltr'><strong>non</strong></span> <span class='ocrx_word' id='word_1_30' title='bbox 611 929 783 1021; x_wconf 78' lang='lat' dir='ltr'><strong>castigavit</strong></span> <span class='ocrx_word' id='word_1_31' title='bbox 806 926 850 997; x_wconf 90' lang='lat' dir='ltr'><strong>ad</strong></span> <span class='ocrx_word' id='word_1_32' title='bbox 873 950 1031 1021; x_wconf 86' lang='lat' dir='ltr'><strong>unguem.</strong></span> 
     </span>
    </p>
   </div>
   <div class='ocr_carea' id='block_1_3' title="bbox 51 1144 1169 1220">
    <p class='ocr_par' dir='ltr' id='par_1_3' title="bbox 51 1144 1169 1220">
     <span class='ocr_line' id='line_1_6' title="bbox 51 1144 1169 1220; baseline 0.003 -27"><span class='ocrx_word' id='word_1_33' title='bbox 51 1216 53 1220; x_wconf 28' lang='grc' dir='ltr'>Ι</span> <span class='ocrx_word' id='word_1_34' title='bbox 145 1144 255 1195; x_wconf 74' lang='lat' dir='ltr'><strong>Horatius</strong></span> <span class='ocrx_word' id='word_1_35' title='bbox 270 1148 306 1196; x_wconf 86' lang='lat' dir='ltr'><strong>ita</strong></span> <span class='ocrx_word' id='word_1_36' title='bbox 321 1148 439 1196; x_wconf 81' lang='lat' dir='ltr'><strong>contraxit</strong></span> <span class='ocrx_word' id='word_1_37' title='bbox 454 1146 514 1196; x_wconf 88' lang='lat' dir='ltr'><strong>alibi</strong></span> <span class='ocrx_word' id='word_1_38' title='bbox 524 1149 639 1212; x_wconf 80' lang='lat' dir='ltr'><strong>pituita,</strong></span> <span class='ocrx_word' id='word_1_39' title='bbox 671 1163 779 1213; x_wconf 76' lang='lat' dir='ltr'><strong>unguem</strong></span> <span class='ocrx_word' id='word_1_40' title='bbox 790 1146 997 1197; x_wconf 64' lang='lat' dir='ltr'><strong>reseratum-Idem</strong></span> <span class='ocrx_word' id='word_1_41' title='bbox 1010 1156 1089 1196; x_wconf 87' lang='lat' dir='ltr'><strong>autem</strong></span> <span class='ocrx_word' id='word_1_42' title='bbox 1095 1149 1169 1212; x_wconf 79' lang='lat' dir='ltr'><strong>prae·</strong></span> 
     </span>
    </p>
   </div>
   <div class='ocr_carea' id='block_1_4' title="bbox 109 1231 1172 4118">
    <p class='ocr_par' dir='ltr' id='par_1_4' title="bbox 109 1231 1172 4118">
     <span class='ocr_line' id='line_1_7' title="bbox 144 1231 1171 1298; baseline 0 -18"><span class='ocrx_word' id='word_1_43' title='bbox 144 1232 283 1295; x_wconf 69' lang='lat' dir='ltr'><strong>aramue,</strong></span> <span class='ocrx_word' id='word_1_44' title='bbox 303 1242 328 1280; x_wconf 89' lang='lat' dir='ltr'><strong>et</strong></span> <span class='ocrx_word' id='word_1_45' title='bbox 342 1234 369 1281; x_wconf 88' lang='lat' dir='ltr'><strong>in</strong></span> <span class='ocrx_word' id='word_1_46' title='bbox 384 1232 456 1281; x_wconf 88' lang='lat' dir='ltr'><strong>buius</strong></span> <span class='ocrx_word' id='word_1_47' title='bbox 471 1233 588 1298; x_wconf 80' lang='lat' dir='ltr'><strong>Epistulae</strong></span> <span class='ocrx_word' id='word_1_48' title='bbox 605 1249 638 1282; x_wconf 85' lang='lat' dir='ltr'><strong>vs.</strong></span> <span class='ocrx_word' id='word_1_49' title='bbox 672 1241 765 1282; x_wconf 84' lang='lat' dir='ltr'><strong>sectum</strong></span> <span class='ocrx_word' id='word_1_50' title='bbox 776 1249 893 1298; x_wconf 68' lang='lat' dir='ltr'><strong>unguem</strong></span> <span class='ocrx_word' id='word_1_51' title='bbox 908 1242 938 1281; x_wconf 88' lang='lat' dir='ltr'><strong>ut</strong></span> <span class='ocrx_word' id='word_1_52' title='bbox 949 1234 1000 1298; x_wconf 88' lang='lat' dir='ltr'><strong>ipse</strong></span> <span class='ocrx_word' id='word_1_53' title='bbox 1012 1250 1059 1281; x_wconf 91' lang='lat' dir='ltr'><strong>non</strong></span> <span class='ocrx_word' id='word_1_54' title='bbox 1072 1231 1171 1296; x_wconf 86' lang='lat' dir='ltr'><strong>scaber,</strong></span> 
     </span>
     <span class='ocr_line' id='line_1_8' title="bbox 144 1316 1168 1385; baseline 0 -20"><span class='ocrx_word' id='word_1_55' title='bbox 144 1317 193 1365; x_wconf 79' lang='lat'><strong>345</strong></span> <span class='ocrx_word' id='word_1_56' title='bbox 208 1319 290 1383; x_wconf 72' lang='lat' dir='ltr'><strong>Sosiis</strong></span> <span class='ocrx_word' id='word_1_57' title='bbox 310 1318 370 1366; x_wconf 82' lang='lat' dir='ltr'><strong>feeit</strong></span> <span class='ocrx_word' id='word_1_58' title='bbox 382 1316 535 1384; x_wconf 76' lang='lat' dir='ltr'><strong>bisyllabum.</strong></span> <span class='ocrx_word' id='word_1_59' title='bbox 558 1319 642 1367; x_wconf 74' lang='lat' dir='ltr'><strong>Graeci</strong></span> <span class='ocrx_word' id='word_1_60' title='bbox 672 1336 720 1367; x_wconf 91' lang='lat' dir='ltr'><strong>non</strong></span> <span class='ocrx_word' id='word_1_61' title='bbox 732 1318 877 1385; x_wconf 77' lang='lat' dir='ltr'><strong>inaequalis,</strong></span> <span class='ocrx_word' id='word_1_62' title='bbox 890 1317 933 1367; x_wconf 88' lang='lat' dir='ltr'><strong>sed</strong></span> <span class='ocrx_word' id='word_1_63' title='bbox 944 1316 1013 1367; x_wconf 87' lang='lat' dir='ltr'><strong>docta</strong></span> <span class='ocrx_word' id='word_1_64' title='bbox 1025 1334 1096 1366; x_wconf 88' lang='lat' dir='ltr'><strong>mauu</strong></span> <span class='ocrx_word' id='word_1_65' title='bbox 1107 1333 1168 1382; x_wconf 88' lang='lat' dir='ltr'><strong>pene</strong></span> 
     </span>
     <span class='ocr_line' id='line_1_9' title="bbox 143 1402 1168 1469; baseline 0.001 -19"><span class='ocrx_word' id='word_1_66' title='bbox 143 1403 207 1451; x_wconf 85' lang='lat' dir='ltr'><strong>enim</strong></span> <span class='ocrx_word' id='word_1_67' title='bbox 215 1402 260 1451; x_wconf 91' lang='lat' dir='ltr'><strong>boe</strong></span> <span class='ocrx_word' id='word_1_68' title='bbox 268 1403 373 1452; x_wconf 82' lang='lat' dir='ltr'><strong>efferunt</strong></span> <span class='ocrx_word' id='word_1_69' title='bbox 380 1420 424 1469; x_wconf 92' lang='lat' dir='ltr'><strong>per</strong></span> <span class='ocrx_word' id='word_1_70' title='bbox 431 1421 458 1454; x_wconf 87' lang='grc' dir='ltr'><strong>ω.</strong></span> <span class='ocrx_word' id='word_1_71' title='bbox 465 1405 554 1453; x_wconf 85' lang='lat' dir='ltr'><strong>Usitata</strong></span> <span class='ocrx_word' id='word_1_72' title='bbox 562 1414 642 1452; x_wconf 89' lang='lat' dir='ltr'><strong>autem</strong></span> <span class='ocrx_word' id='word_1_73' title='bbox 673 1402 704 1452; x_wconf 91' lang='lat' dir='ltr'><strong>ad</strong></span> <span class='ocrx_word' id='word_1_74' title='bbox 716 1406 796 1453; x_wconf 80' lang='lat' dir='ltr'><strong>vivum</strong></span> <span class='ocrx_word' id='word_1_75' title='bbox 808 1413 924 1465; x_wconf 88' lang='lat' dir='ltr'><strong>resectus,</strong></span> <span class='ocrx_word' id='word_1_76' title='bbox 940 1413 983 1452; x_wconf 87' lang='lat' dir='ltr'><strong>aut</strong></span> <span class='ocrx_word' id='word_1_77' title='bbox 995 1402 1103 1452; x_wconf 86' lang='lat' dir='ltr'><strong>fallentis</strong></span> <span class='ocrx_word' id='word_1_78' title='bbox 1115 1403 1168 1451; x_wconf 87' lang='lat' dir='ltr'><strong>iuu-</strong></span> 
     </span>
     <span class='ocr_line' id='line_1_10' title="bbox 143 1469 1169 1554; baseline 0.001 -19"><span class='ocrx_word' id='word_1_79' title='bbox 143 1477 640 1554; x_wconf 79' lang='lat' dir='ltr'><strong>vulgointalidisputationesuntvocaBu·</strong></span> <span class='ocrx_word' id='word_1_80' title='bbox 672 1499 754 1538; x_wconf 88' lang='lat' dir='ltr'><strong>cturae</strong></span> <span class='ocrx_word' id='word_1_81' title='bbox 779 1489 898 1551; x_wconf 84' lang='lat' dir='ltr'><strong>levorem,</strong></span> <span class='ocrx_word' id='word_1_82' title='bbox 922 1498 965 1537; x_wconf 88' lang='lat' dir='ltr'><strong>aut</strong></span> <span class='ocrx_word' id='word_1_83' title='bbox 988 1489 1126 1550; x_wconf 86' lang='lat' dir='ltr'><strong>minimam,</strong></span> <span class='ocrx_word' id='word_1_84' title='bbox 1145 1469 1169 1537; x_wconf 76' lang='lat' dir='ltr'><strong>si</strong></span> 
     </span>
     <span class='ocr_line' id='line_1_11' title="bbox 142 1572 1172 1641; baseline 0.001 -21"><span class='ocrx_word' id='word_1_85' title='bbox 142 1572 413 1639; x_wconf 80' lang='lat' dir='ltr'><strong>la,urbs,regiaclara</strong></span> <span class='ocrx_word' id='word_1_86' title='bbox 428 1576 639 1624; x_wconf 76' lang='lat' dir='ltr'><strong>amisatdectri·</strong></span> <span class='ocrx_word' id='word_1_87' title='bbox 671 1591 718 1641; x_wconf 88' lang='lat' dir='ltr'><strong>qua</strong></span> <span class='ocrx_word' id='word_1_88' title='bbox 740 1583 831 1637; x_wconf 86' lang='lat' dir='ltr'><strong>exstet,</strong></span> <span class='ocrx_word' id='word_1_89' title='bbox 855 1573 1060 1639; x_wconf 87' lang='lat' dir='ltr'><strong>salebramlapsu</strong></span> <span class='ocrx_word' id='word_1_90' title='bbox 1075 1589 1172 1622; x_wconf 83' lang='lat' dir='ltr'><strong>morave-</strong></span> 
     </span>
     <span class='ocr_line' id='line_1_12' title="bbox 142 1659 1170 1725; baseline 0 -19"><span class='ocrx_word' id='word_1_91' title='bbox 142 1659 201 1720; x_wconf 83' lang='lat' dir='ltr'><strong>su&#39;s,</strong></span> <span class='ocrx_word' id='word_1_92' title='bbox 217 1674 266 1707; x_wconf 89' lang='lat' dir='ltr'><strong>non</strong></span> <span class='ocrx_word' id='word_1_93' title='bbox 279 1661 359 1708; x_wconf 78' lang='lat' dir='ltr'><strong>armis</strong></span> <span class='ocrx_word' id='word_1_94' title='bbox 371 1667 398 1708; x_wconf 90' lang='lat' dir='ltr'><strong>et</strong></span> <span class='ocrx_word' id='word_1_95' title='bbox 411 1660 533 1708; x_wconf 63' lang='lat' dir='ltr'><strong>ducents</strong></span> <span class='ocrx_word' id='word_1_96' title='bbox 543 1667 641 1724; x_wconf 78' lang='lat' dir='ltr'><strong>potares.</strong></span> <span class='ocrx_word' id='word_1_97' title='bbox 674 1661 812 1725; x_wconf 82' lang='lat' dir='ltr'><strong>persentiat.</strong></span> <span class='ocrx_word' id='word_1_98' title='bbox 836 1659 919 1707; x_wconf 87' lang='lat' dir='ltr'><strong>Tracta</strong></span> <span class='ocrx_word' id='word_1_99' title='bbox 939 1667 1019 1707; x_wconf 83' lang='lat' dir='ltr'><strong>autem</strong></span> <span class='ocrx_word' id='word_1_100' title='bbox 1040 1675 1054 1706; x_wconf 90' lang='lat' dir='ltr'><strong>a</strong></span> <span class='ocrx_word' id='word_1_101' title='bbox 1072 1674 1170 1706; x_wconf 89' lang='lat' dir='ltr'><strong>marmo-</strong></span> 
     </span>
     <span class='ocr_line' id='line_1_13' title="bbox 144 1742 1170 1809; baseline -0.001 -17"><span class='ocrx_word' id='word_1_102' title='bbox 144 1742 239 1792; x_wconf 80' lang='lat' dir='ltr'><strong>0vidius</strong></span> <span class='ocrx_word' id='word_1_103' title='bbox 246 1745 339 1793; x_wconf 82' lang='lat' dir='ltr'><strong>Metam.</strong></span> <span class='ocrx_word' id='word_1_104' title='bbox 351 1743 442 1807; x_wconf 75' lang='lat' dir='ltr'>V‚652</span> <span class='ocrx_word' id='word_1_105' title='bbox 457 1746 520 1809; x_wconf 87' lang='lat' dir='ltr'><strong>ipsas</strong></span> <span class='ocrx_word' id='word_1_106' title='bbox 535 1744 638 1793; x_wconf 73' lang='lat' dir='ltr'><strong>Athenas</strong></span> <span class='ocrx_word' id='word_1_107' title='bbox 670 1746 738 1794; x_wconf 88' lang='lat' dir='ltr'><strong>rariis</strong></span> <span class='ocrx_word' id='word_1_108' title='bbox 759 1742 889 1793; x_wconf 76' lang='lat' dir='ltr'><strong>similitudo</strong></span> <span class='ocrx_word' id='word_1_109' title='bbox 906 1753 954 1802; x_wconf 86' lang='lat' dir='ltr'><strong>est;</strong></span> <span class='ocrx_word' id='word_1_110' title='bbox 977 1753 1006 1791; x_wconf 92' lang='lat' dir='ltr'><strong>ut</strong></span> <span class='ocrx_word' id='word_1_111' title='bbox 1026 1744 1170 1809; x_wconf 82' lang='lat' dir='ltr'><strong>interpretes</strong></span> 
     </span>
     <span class='ocr_line' id='line_1_14' title="bbox 142 1828 1170 1896; baseline 0.004 -22"><span class='ocrx_word' id='word_1_112' title='bbox 142 1830 236 1878; x_wconf 80' lang='lat' dir='ltr'><strong>vocarit</strong></span> <span class='ocrx_word' id='word_1_113' title='bbox 249 1831 337 1878; x_wconf 71' lang='lat' dir='ltr'><strong>claras.</strong></span> <span class='ocrx_word' id='word_1_114' title='bbox 354 1829 431 1895; x_wconf 76' lang='lat' dir='ltr'><strong>Atque</strong></span> <span class='ocrx_word' id='word_1_115' title='bbox 439 1828 499 1878; x_wconf 88' lang='lat' dir='ltr'><strong>baec</strong></span> <span class='ocrx_word' id='word_1_116' title='bbox 508 1829 639 1879; x_wconf 73' lang='lat' dir='ltr'><strong>emendatio</strong></span> <span class='ocrx_word' id='word_1_117' title='bbox 671 1839 797 1892; x_wconf 89' lang='lat' dir='ltr'><strong>notarunt,</strong></span> <span class='ocrx_word' id='word_1_118' title='bbox 811 1831 854 1896; x_wconf 84' lang='lat' dir='ltr'><strong>qui</strong></span> <span class='ocrx_word' id='word_1_119' title='bbox 866 1828 937 1895; x_wconf 86' lang='lat' dir='ltr'><strong>plura</strong></span> <span class='ocrx_word' id='word_1_120' title='bbox 947 1828 978 1878; x_wconf 90' lang='lat' dir='ltr'><strong>ad</strong></span> <span class='ocrx_word' id='word_1_121' title='bbox 989 1845 1040 1877; x_wconf 87' lang='lat' dir='ltr'><strong>rem</strong></span> <span class='ocrx_word' id='word_1_122' title='bbox 1048 1829 1170 1878; x_wconf 85' lang='lat' dir='ltr'><strong>illustran-</strong></span> 
     </span>
     <span class='ocr_line' id='line_1_15' title="bbox 140 1913 1169 1981; baseline 0.002 -20"><span class='ocrx_word' id='word_1_123' title='bbox 140 1922 220 1962; x_wconf 87' lang='lat' dir='ltr'><strong>nostra</strong></span> <span class='ocrx_word' id='word_1_124' title='bbox 235 1924 284 1962; x_wconf 87' lang='lat' dir='ltr'><strong>tam</strong></span> <span class='ocrx_word' id='word_1_125' title='bbox 299 1914 400 1980; x_wconf 82' lang='lat' dir='ltr'><strong>simplex</strong></span> <span class='ocrx_word' id='word_1_126' title='bbox 418 1924 466 1978; x_wconf 90' lang='lat' dir='ltr'><strong>est,</strong></span> <span class='ocrx_word' id='word_1_127' title='bbox 481 1915 592 1963; x_wconf 88' lang='lat' dir='ltr'><strong>ntmulti</strong></span> <span class='ocrx_word' id='word_1_128' title='bbox 604 1917 641 1963; x_wconf 89' lang='lat' dir='ltr'><strong>in·</strong></span> <span class='ocrx_word' id='word_1_129' title='bbox 672 1913 725 1964; x_wconf 89' lang='lat' dir='ltr'><strong>dam</strong></span> <span class='ocrx_word' id='word_1_130' title='bbox 746 1915 798 1964; x_wconf 89' lang='lat' dir='ltr'><strong>loca</strong></span> <span class='ocrx_word' id='word_1_131' title='bbox 819 1914 959 1981; x_wconf 85' lang='lat' dir='ltr'><strong>produxere.</strong></span> <span class='ocrx_word' id='word_1_132' title='bbox 984 1913 1075 1979; x_wconf 79' lang='lat' dir='ltr'><strong>Quibus</strong></span> <span class='ocrx_word' id='word_1_133' title='bbox 1094 1931 1169 1963; x_wconf 89' lang='lat' dir='ltr'><strong>unum</strong></span> 
     </span>
     <span class='ocr_line' id='line_1_16' title="bbox 140 1999 1168 2065; baseline 0.002 -19"><span class='ocrx_word' id='word_1_134' title='bbox 140 2007 273 2064; x_wconf 89' lang='lat' dir='ltr'><strong>terpretes,</strong></span> <span class='ocrx_word' id='word_1_135' title='bbox 291 1999 341 2048; x_wconf 87' lang='lat' dir='ltr'><strong>sola</strong></span> <span class='ocrx_word' id='word_1_136' title='bbox 355 2001 447 2049; x_wconf 89' lang='lat' dir='ltr'><strong>ratione</strong></span> <span class='ocrx_word' id='word_1_137' title='bbox 464 2010 489 2048; x_wconf 91' lang='lat' dir='ltr'><strong>et</strong></span> <span class='ocrx_word' id='word_1_138' title='bbox 504 2017 574 2049; x_wconf 90' lang='lat' dir='ltr'><strong>sensu</strong></span> <span class='ocrx_word' id='word_1_139' title='bbox 589 1999 632 2048; x_wconf 89' lang='lat' dir='ltr'><strong>du·</strong></span> <span class='ocrx_word' id='word_1_140' title='bbox 664 1999 748 2049; x_wconf 90' lang='lat' dir='ltr'><strong>addam</strong></span> <span class='ocrx_word' id='word_1_141' title='bbox 771 2000 862 2049; x_wconf 87' lang='lat' dir='ltr'><strong>Sidonii</strong></span> <span class='ocrx_word' id='word_1_142' title='bbox 882 2000 1042 2065; x_wconf 72' lang='lat' dir='ltr'><strong>Apollinaris,</strong></span> <span class='ocrx_word' id='word_1_143' title='bbox 1064 1999 1168 2064; x_wconf 86' lang='lat' dir='ltr'><strong>Epistola</strong></span> 
     </span>
     <span class='ocr_line' id='line_1_17' title="bbox 142 2083 1168 2148; baseline 0.002 -16"><span class='ocrx_word' id='word_1_144' title='bbox 142 2085 191 2147; x_wconf 89' lang='lat' dir='ltr'><strong>cti,</strong></span> <span class='ocrx_word' id='word_1_145' title='bbox 209 2086 243 2133; x_wconf 88' lang='lat' dir='ltr'><strong>sic</strong></span> <span class='ocrx_word' id='word_1_146' title='bbox 259 2083 414 2134; x_wconf 86' lang='lat' dir='ltr'><strong>reddiderint.</strong></span> <span class='ocrx_word' id='word_1_147' title='bbox 431 2087 583 2134; x_wconf 79' lang='lat' dir='ltr'><strong>batteaxius:</strong></span> <span class='ocrx_word' id='word_1_148' title='bbox 603 2087 640 2134; x_wconf 86' lang='lat' dir='ltr'><strong>Ou</strong></span> <span class='ocrx_word' id='word_1_149' title='bbox 672 2086 718 2148; x_wconf 83' lang='lat' dir='ltr'><strong>IX,</strong></span> <span class='ocrx_word' id='word_1_150' title='bbox 728 2089 752 2136; x_wconf 84' lang='lat'><strong>7.</strong></span> <span class='ocrx_word' id='word_1_151' title='bbox 770 2089 833 2134; x_wconf 86' lang='lat' dir='ltr'><strong>Toto</strong></span> <span class='ocrx_word' id='word_1_152' title='bbox 845 2087 949 2148; x_wconf 79' lang='lat' dir='ltr'><strong>denique</strong></span> <span class='ocrx_word' id='word_1_153' title='bbox 964 2087 1088 2135; x_wconf 69' lang='lat' dir='ltr'><strong>culmum</strong></span> <span class='ocrx_word' id='word_1_154' title='bbox 1100 2093 1168 2135; x_wconf 83' lang='lat' dir='ltr'><strong>stru·</strong></span> 
     </span>
     <span class='ocr_line' id='line_1_18' title="bbox 136 2167 1167 2235; baseline 0.002 -18"><span class='ocrx_word' id='word_1_155' title='bbox 136 2176 200 2234; x_wconf 83' lang='lat' dir='ltr'><strong>peut</strong></span> <span class='ocrx_word' id='word_1_156' title='bbox 234 2170 289 2218; x_wconf 87' lang='lat' dir='ltr'><strong>dira</strong></span> <span class='ocrx_word' id='word_1_157' title='bbox 312 2167 388 2217; x_wconf 58' lang='lat' dir='ltr'><strong>emese</strong></span> <span class='ocrx_word' id='word_1_158' title='bbox 412 2186 457 2233; x_wconf 87' lang='lat' dir='ltr'><strong>que</strong></span> <span class='ocrx_word' id='word_1_159' title='bbox 488 2173 511 2218; x_wconf 83' lang='lat' dir='ltr'><strong>lc</strong></span> <span class='ocrx_word' id='word_1_160' title='bbox 530 2172 638 2219; x_wconf 65' lang='lat' dir='ltr'><strong>&#39;Latium</strong></span> <span class='ocrx_word' id='word_1_161' title='bbox 669 2177 743 2218; x_wconf 88' lang='lat' dir='ltr'><strong>ctura</strong></span> <span class='ocrx_word' id='word_1_162' title='bbox 763 2172 860 2234; x_wconf 84' lang='lat' dir='ltr'><strong>liquida</strong></span> <span class='ocrx_word' id='word_1_163' title='bbox 875 2187 981 2235; x_wconf 82' lang='lat' dir='ltr'><strong>prorsus</strong></span> <span class='ocrx_word' id='word_1_164' title='bbox 1001 2180 1028 2220; x_wconf 89' lang='lat' dir='ltr'><strong>at</strong></span> <span class='ocrx_word' id='word_1_165' title='bbox 1045 2172 1167 2232; x_wconf 67' lang='lat' dir='ltr'><strong>ductilis,-</strong></span> 
     </span>
     <span class='ocr_line' id='line_1_19' title="bbox 141 2255 1170 2320; baseline 0.001 -18"><span class='ocrx_word' id='word_1_166' title='bbox 141 2256 253 2302; x_wconf 87' lang='lat' dir='ltr'><strong>u’aureit</strong></span> <span class='ocrx_word' id='word_1_167' title='bbox 263 2270 314 2318; x_wconf 83' lang='lat' dir='ltr'><strong>pas</strong></span> <span class='ocrx_word' id='word_1_168' title='bbox 329 2255 507 2318; x_wconf 76' lang='lat' dir='ltr'><strong>aequicrurius</strong></span> <span class='ocrx_word' id='word_1_169' title='bbox 519 2255 548 2303; x_wconf 80' lang='lat' dir='ltr'><strong>de</strong></span> <span class='ocrx_word' id='word_1_170' title='bbox 557 2257 640 2319; x_wconf 78' lang='lat' dir='ltr'><strong>gleire</strong></span> <span class='ocrx_word' id='word_1_171' title='bbox 672 2256 753 2303; x_wconf 82' lang='lat' dir='ltr'><strong>veluti</strong></span> <span class='ocrx_word' id='word_1_172' title='bbox 767 2271 822 2303; x_wconf 80' lang='lat' dir='ltr'><strong>cuer</strong></span> <span class='ocrx_word' id='word_1_173' title='bbox 836 2256 998 2320; x_wconf 77' lang='lat' dir='ltr'><strong>crystallinas</strong></span> <span class='ocrx_word' id='word_1_174' title='bbox 1012 2262 1111 2304; x_wconf 87' lang='lat' dir='ltr'><strong>crustas</strong></span> <span class='ocrx_word' id='word_1_175' title='bbox 1123 2264 1170 2303; x_wconf 87' lang='lat' dir='ltr'><strong>aut</strong></span> 
     </span>
     <span class='ocr_line' id='line_1_20' title="bbox 136 2340 1169 2407; baseline 0.002 -20"><span class='ocrx_word' id='word_1_176' title='bbox 136 2353 186 2404; x_wconf 84' lang='lat' dir='ltr'><strong>par</strong></span> <span class='ocrx_word' id='word_1_177' title='bbox 207 2340 244 2388; x_wconf 86' lang='lat' dir='ltr'><strong>les</strong></span> <span class='ocrx_word' id='word_1_178' title='bbox 261 2354 381 2404; x_wconf 74' lang='lat' dir='ltr'><strong>ouvrages</strong></span> <span class='ocrx_word' id='word_1_179' title='bbox 400 2340 507 2404; x_wconf 58' lang='lat' dir='ltr'><strong>temris</strong></span> <span class='ocrx_word' id='word_1_180' title='bbox 527 2354 573 2403; x_wconf 78' lang='lat' dir='ltr'><strong>qus</strong></span> <span class='ocrx_word' id='word_1_181' title='bbox 588 2355 640 2404; x_wconf 83' lang='lat' dir='ltr'><strong>par</strong></span> <span class='ocrx_word' id='word_1_182' title='bbox 672 2341 847 2404; x_wconf 74' lang='lat' dir='ltr'><strong>esychiutiuae</strong></span> <span class='ocrx_word' id='word_1_183' title='bbox 869 2356 917 2388; x_wconf 74' lang='lat' dir='ltr'><strong>uest</strong></span> <span class='ocrx_word' id='word_1_184' title='bbox 939 2342 1047 2405; x_wconf 81' lang='lat' dir='ltr'><strong>impacto</strong></span> <span class='ocrx_word' id='word_1_185' title='bbox 1068 2341 1169 2407; x_wconf 80' lang='lat' dir='ltr'><strong>digitus</strong></span> 
     </span>
     <span class='ocr_line' id='line_1_21' title="bbox 139 2427 1169 2490; baseline 0.001 -17"><span class='ocrx_word' id='word_1_186' title='bbox 139 2440 168 2473; x_wconf 83' lang='lat' dir='ltr'><strong>sa</strong></span> <span class='ocrx_word' id='word_1_187' title='bbox 193 2427 280 2474; x_wconf 83' lang='lat' dir='ltr'><strong>auteur</strong></span> <span class='ocrx_word' id='word_1_188' title='bbox 302 2432 329 2472; x_wconf 89' lang='lat' dir='ltr'><strong>et</strong></span> <span class='ocrx_word' id='word_1_189' title='bbox 347 2440 398 2489; x_wconf 83' lang='lat' dir='ltr'><strong>por</strong></span> <span class='ocrx_word' id='word_1_190' title='bbox 419 2440 458 2474; x_wconf 81' lang='lat' dir='ltr'><strong>ses</strong></span> <span class='ocrx_word' id='word_1_191' title='bbox 479 2440 573 2488; x_wconf 76' lang='lat' dir='ltr'><strong>amnes,</strong></span> <span class='ocrx_word' id='word_1_192' title='bbox 594 2427 641 2473; x_wconf 86' lang='lat' dir='ltr'><strong>s&#39;il</strong></span> <span class='ocrx_word' id='word_1_193' title='bbox 671 2441 754 2490; x_wconf 79' lang='lat' dir='ltr'><strong>uagus</strong></span> <span class='ocrx_word' id='word_1_194' title='bbox 769 2427 924 2490; x_wconf 71' lang='lat' dir='ltr'><strong>perlabitur:</strong></span> <span class='ocrx_word' id='word_1_195' title='bbox 948 2428 1038 2490; x_wconf 76' lang='lat' dir='ltr'><strong>quippe</strong></span> <span class='ocrx_word' id='word_1_196' title='bbox 1057 2428 1084 2474; x_wconf 88' lang='lat' dir='ltr'><strong>si</strong></span> <span class='ocrx_word' id='word_1_197' title='bbox 1100 2428 1169 2474; x_wconf 78' lang='lat' dir='ltr'><strong>nibil</strong></span> 
     </span>
     <span class='ocr_line' id='line_1_22' title="bbox 141 2508 1167 2576; baseline 0.001 -17"><span class='ocrx_word' id='word_1_198' title='bbox 141 2509 205 2559; x_wconf 76' lang='lat' dir='ltr'><strong>dteit</strong></span> <span class='ocrx_word' id='word_1_199' title='bbox 224 2526 304 2559; x_wconf 72' lang='lat' dir='ltr'><strong>amun</strong></span> <span class='ocrx_word' id='word_1_200' title='bbox 325 2511 354 2559; x_wconf 80' lang='lat' dir='ltr'><strong>de</strong></span> <span class='ocrx_word' id='word_1_201' title='bbox 371 2526 416 2558; x_wconf 86' lang='lat' dir='ltr'><strong>uos</strong></span> <span class='ocrx_word' id='word_1_202' title='bbox 431 2511 520 2558; x_wconf 75' lang='lat' dir='ltr'><strong>Pariter</strong></span> <span class='ocrx_word' id='word_1_203' title='bbox 535 2513 579 2574; x_wconf 86' lang='lat' dir='ltr'><strong>qui</strong></span> <span class='ocrx_word' id='word_1_204' title='bbox 589 2508 640 2576; x_wconf 75' lang='lat' dir='ltr'><strong>ptr</strong></span> <span class='ocrx_word' id='word_1_205' title='bbox 672 2526 727 2560; x_wconf 82' lang='lat' dir='ltr'><strong>eum</strong></span> <span class='ocrx_word' id='word_1_206' title='bbox 745 2512 850 2560; x_wconf 61' lang='lat' dir='ltr'><strong>denaus</strong></span> <span class='ocrx_word' id='word_1_207' title='bbox 869 2513 977 2560; x_wconf 70' lang='lat' dir='ltr'><strong>elicium</strong></span> <span class='ocrx_word' id='word_1_208' title='bbox 991 2519 1117 2576; x_wconf 81' lang='lat' dir='ltr'><strong>eaccptues</strong></span> <span class='ocrx_word' id='word_1_209' title='bbox 1133 2519 1167 2560; x_wconf 89' lang='lat' dir='ltr'><strong>te·</strong></span> 
     </span>
     <span class='ocr_line' id='line_1_23' title="bbox 140 2597 1168 2661; baseline 0.001 -16"><span class='ocrx_word' id='word_1_210' title='bbox 140 2611 167 2645; x_wconf 83' lang='lat' dir='ltr'><strong>sa</strong></span> <span class='ocrx_word' id='word_1_211' title='bbox 188 2598 279 2645; x_wconf 76' lang='lat' dir='ltr'><strong>aestues·</strong></span> <span class='ocrx_word' id='word_1_212' title='bbox 299 2598 325 2644; x_wconf 81' lang='lat' dir='ltr'><strong>ia</strong></span> <span class='ocrx_word' id='word_1_213' title='bbox 337 2599 414 2661; x_wconf 78' lang='lat' dir='ltr'><strong>peius</strong></span> <span class='ocrx_word' id='word_1_214' title='bbox 431 2604 458 2644; x_wconf 88' lang='lat' dir='ltr'><strong>et</strong></span> <span class='ocrx_word' id='word_1_215' title='bbox 475 2598 497 2644; x_wconf 87' lang='lat' dir='ltr'><strong>la</strong></span> <span class='ocrx_word' id='word_1_216' title='bbox 515 2604 593 2661; x_wconf 86' lang='lat' dir='ltr'><strong>temps</strong></span> <span class='ocrx_word' id='word_1_217' title='bbox 613 2597 642 2645; x_wconf 80' lang='lat' dir='ltr'><strong>de</strong></span> <span class='ocrx_word' id='word_1_218' title='bbox 673 2612 725 2645; x_wconf 76' lang='lat' dir='ltr'><strong>naa</strong></span> <span class='ocrx_word' id='word_1_219' title='bbox 751 2598 872 2658; x_wconf 87' lang='lat' dir='ltr'><strong>fractura</strong></span> <span class='ocrx_word' id='word_1_220' title='bbox 908 2605 1051 2647; x_wconf 71' lang='lat' dir='ltr'><strong>renuetur.</strong></span> <span class='ocrx_word' id='word_1_221' title='bbox 1102 2599 1168 2646; x_wconf 80' lang='lat' dir='ltr'><strong>BEN·</strong></span> 
     </span>
     <span class='ocr_line' id='line_1_24' title="bbox 143 2680 776 2747; baseline -0.002 -16"><span class='ocrx_word' id='word_1_222' title='bbox 143 2682 223 2731; x_wconf 71' lang='lat' dir='ltr'><strong>ame.</strong></span> <span class='ocrx_word' id='word_1_223' title='bbox 242 2683 371 2745; x_wconf 75' lang='lat' dir='ltr'><strong>Gloriaque</strong></span> <span class='ocrx_word' id='word_1_224' title='bbox 384 2683 410 2729; x_wconf 90' lang='lat' dir='ltr'><strong>in</strong></span> <span class='ocrx_word' id='word_1_225' title='bbox 425 2680 566 2747; x_wconf 82' lang='lat' dir='ltr'><strong>quibusdam</strong></span> <span class='ocrx_word' id='word_1_226' title='bbox 578 2681 639 2731; x_wconf 87' lang='lat' dir='ltr'><strong>llSS.</strong></span> <span class='ocrx_word' id='word_1_227' title='bbox 672 2681 776 2730; x_wconf 79' lang='lat' dir='ltr'>TLEIVS.</span> 
     </span>
     <span class='ocr_line' id='line_1_25' title="bbox 141 2765 1166 2833; baseline 0.002 -18"><span class='ocrx_word' id='word_1_228' title='bbox 141 2765 206 2832; x_wconf 89' lang='lat' dir='ltr'><strong>apud</strong></span> <span class='ocrx_word' id='word_1_229' title='bbox 220 2767 289 2816; x_wconf 80' lang='lat' dir='ltr'><strong>Feam</strong></span> <span class='ocrx_word' id='word_1_230' title='bbox 306 2767 419 2816; x_wconf 90' lang='lat' dir='ltr'><strong>cernitur.</strong></span> <span class='ocrx_word' id='word_1_231' title='bbox 437 2767 530 2815; x_wconf 88' lang='lat' dir='ltr'><strong>Invenit</strong></span> <span class='ocrx_word' id='word_1_232' title='bbox 546 2783 639 2833; x_wconf 77' lang='lat' dir='ltr'><strong>quoque</strong></span> <span class='ocrx_word' id='word_1_233' title='bbox 704 2767 765 2815; x_wconf 90' lang='lat' dir='ltr'><strong>Sunt</strong></span> <span class='ocrx_word' id='word_1_234' title='bbox 784 2769 811 2816; x_wconf 91' lang='lat' dir='ltr'><strong>in</strong></span> <span class='ocrx_word' id='word_1_235' title='bbox 825 2766 887 2816; x_wconf 73' lang='lat' dir='ltr'><strong>ass</strong></span> <span class='ocrx_word' id='word_1_236' title='bbox 905 2778 930 2816; x_wconf 88' lang='lat' dir='ltr'><strong>et</strong></span> <span class='ocrx_word' id='word_1_237' title='bbox 944 2767 1006 2817; x_wconf 86' lang='lat' dir='ltr'><strong>aliae</strong></span> <span class='ocrx_word' id='word_1_238' title='bbox 1022 2769 1166 2831; x_wconf 88' lang='lat' dir='ltr'><strong>varietates,</strong></span> 
     </span>
     <span class='ocr_line' id='line_1_26' title="bbox 140 2851 1165 2918; baseline 0.002 -18"><span class='ocrx_word' id='word_1_239' title='bbox 140 2851 317 2917; x_wconf 80' lang='lat' dir='ltr'><strong>Oudendorpius</strong></span> <span class='ocrx_word' id='word_1_240' title='bbox 332 2854 358 2900; x_wconf 91' lang='lat' dir='ltr'><strong>in</strong></span> <span class='ocrx_word' id='word_1_241' title='bbox 374 2868 422 2900; x_wconf 91' lang='lat' dir='ltr'><strong>uno</strong></span> <span class='ocrx_word' id='word_1_242' title='bbox 438 2851 602 2901; x_wconf 73' lang='lat' dir='ltr'><strong>D’Orvilliano,</strong></span> <span class='ocrx_word' id='word_1_243' title='bbox 662 2853 813 2917; x_wconf 55' lang='lat' dir='ltr'><strong>preparatum,</strong></span> <span class='ocrx_word' id='word_1_244' title='bbox 835 2851 899 2917; x_wconf 89' lang='lat' dir='ltr'><strong>apud</strong></span> <span class='ocrx_word' id='word_1_245' title='bbox 913 2853 996 2915; x_wconf 86' lang='lat' dir='ltr'><strong>Feam,</strong></span> <span class='ocrx_word' id='word_1_246' title='bbox 1016 2854 1042 2901; x_wconf 91' lang='lat' dir='ltr'><strong>in</strong></span> <span class='ocrx_word' id='word_1_247' title='bbox 1063 2864 1110 2918; x_wconf 77' lang='lat' dir='ltr'><strong>quo</strong></span> <span class='ocrx_word' id='word_1_248' title='bbox 1125 2863 1165 2902; x_wconf 81' lang='lat' dir='ltr'><strong>ve-</strong></span> 
     </span>
     <span class='ocr_line' id='line_1_27' title="bbox 144 2936 1165 3005; baseline 0.002 -19"><span class='ocrx_word' id='word_1_249' title='bbox 144 2982 146 2987; x_wconf 90' lang='lat'><em>.</em></span> <span class='ocrx_word' id='word_1_250' title='bbox 171 2938 313 2998; x_wconf 83' lang='lat' dir='ltr'><strong>Perfectum</strong></span> <span class='ocrx_word' id='word_1_251' title='bbox 331 2937 411 2985; x_wconf 78' lang='lat' dir='ltr'><strong>decim</strong></span> <span class='ocrx_word' id='word_1_252' title='bbox 430 2952 479 2984; x_wconf 82' lang='lat' dir='ltr'><strong>nou</strong></span> <span class='ocrx_word' id='word_1_253' title='bbox 497 2938 638 3001; x_wconf 77' lang='lat' dir='ltr'><strong>castigavit</strong></span> <span class='ocrx_word' id='word_1_254' title='bbox 668 2954 719 2987; x_wconf 88' lang='lat' dir='ltr'><strong>ram</strong></span> <span class='ocrx_word' id='word_1_255' title='bbox 736 2954 784 2987; x_wconf 89' lang='lat' dir='ltr'><strong>esse</strong></span> <span class='ocrx_word' id='word_1_256' title='bbox 798 2938 939 3003; x_wconf 86' lang='lat' dir='ltr'><strong>scripturam</strong></span> <span class='ocrx_word' id='word_1_257' title='bbox 951 2936 1067 3002; x_wconf 87' lang='lat' dir='ltr'><strong>arbitror,</strong></span> <span class='ocrx_word' id='word_1_258' title='bbox 1080 2955 1165 3005; x_wconf 87' lang='lat' dir='ltr'><strong>nempe</strong></span> 
     </span>
     <span class='ocr_line' id='line_1_28' title="bbox 139 3020 1164 3090; baseline 0.001 -19"><span class='ocrx_word' id='word_1_259' title='bbox 139 3023 174 3072; x_wconf 83' lang='lat' dir='ltr'><strong>ad</strong></span> <span class='ocrx_word' id='word_1_260' title='bbox 184 3038 298 3088; x_wconf 80' lang='lat' dir='ltr'><strong>unguem.</strong></span> <span class='ocrx_word' id='word_1_261' title='bbox 315 3021 353 3070; x_wconf 88' lang='lat' dir='ltr'><strong>Sic</strong></span> <span class='ocrx_word' id='word_1_262' title='bbox 367 3020 510 3090; x_wconf 84' lang='lat' dir='ltr'><strong>olimediti;</strong></span> <span class='ocrx_word' id='word_1_263' title='bbox 528 3031 552 3069; x_wconf 90' lang='lat' dir='ltr'><strong>et</strong></span> <span class='ocrx_word' id='word_1_264' title='bbox 564 3023 638 3070; x_wconf 84' lang='lat' dir='ltr'><strong>maiar</strong></span> <span class='ocrx_word' id='word_1_265' title='bbox 651 3037 653 3040; x_wconf 71' lang='grc'>’</span> <span class='ocrx_word' id='word_1_266' title='bbox 669 3023 795 3083; x_wconf 67' lang='lat' dir='ltr'><strong>reflectam.</strong></span> <span class='ocrx_word' id='word_1_267' title='bbox 811 3023 919 3071; x_wconf 84' lang='lat' dir='ltr'><strong>bentleio</strong></span> <span class='ocrx_word' id='word_1_268' title='bbox 931 3024 1041 3072; x_wconf 85' lang='lat' dir='ltr'><strong>assentiri</strong></span> <span class='ocrx_word' id='word_1_269' title='bbox 1052 3039 1100 3072; x_wconf 90' lang='lat' dir='ltr'><strong>non</strong></span> <span class='ocrx_word' id='word_1_270' title='bbox 1111 3041 1164 3090; x_wconf 89' lang='lat' dir='ltr'><strong>pas·</strong></span> 
     </span>
     <span class='ocr_line' id='line_1_29' title="bbox 138 3105 1163 3174; baseline 0.003 -18"><span class='ocrx_word' id='word_1_271' title='bbox 138 3125 193 3174; x_wconf 78' lang='lat' dir='ltr'><strong>pars</strong></span> <span class='ocrx_word' id='word_1_272' title='bbox 210 3105 405 3156; x_wconf 86' lang='lat' dir='ltr'><strong>membranarum</strong></span> <span class='ocrx_word' id='word_1_273' title='bbox 422 3107 637 3156; x_wconf 74' lang='lat' dir='ltr'><strong>Atvetustissimas</strong></span> <span class='ocrx_word' id='word_1_274' title='bbox 670 3124 731 3158; x_wconf 89' lang='lat' dir='ltr'><strong>sam.</strong></span> <span class='ocrx_word' id='word_1_275' title='bbox 756 3108 910 3171; x_wconf 82' lang='lat' dir='ltr'><strong>Perfectum,</strong></span> <span class='ocrx_word' id='word_1_276' title='bbox 926 3109 1077 3173; x_wconf 79' lang='lat' dir='ltr'><strong>profectum,</strong></span> <span class='ocrx_word' id='word_1_277' title='bbox 1088 3126 1163 3174; x_wconf 84' lang='lat' dir='ltr'><strong>prae-</strong></span> 
     </span>
     <span class='ocr_line' id='line_1_30' title="bbox 138 3192 1165 3259; baseline 0.002 -15"><span class='ocrx_word' id='word_1_278' title='bbox 138 3193 277 3245; x_wconf 85' lang='lat' dir='ltr'><strong>Blandinius</strong></span> <span class='ocrx_word' id='word_1_279' title='bbox 294 3193 392 3259; x_wconf 77' lang='lat' dir='ltr'><strong>Gruqmi</strong></span> <span class='ocrx_word' id='word_1_280' title='bbox 407 3209 460 3241; x_wconf 89' lang='lat' dir='ltr'><strong>cum</strong></span> <span class='ocrx_word' id='word_1_281' title='bbox 474 3192 564 3252; x_wconf 88' lang='lat' dir='ltr'><strong>altero,</strong></span> <span class='ocrx_word' id='word_1_282' title='bbox 582 3209 636 3259; x_wconf 89' lang='lat' dir='ltr'><strong>pro-</strong></span> <span class='ocrx_word' id='word_1_283' title='bbox 668 3201 761 3242; x_wconf 79' lang='lat' dir='ltr'><strong>sectuut</strong></span> <span class='ocrx_word' id='word_1_284' title='bbox 772 3195 879 3243; x_wconf 88' lang='lat' dir='ltr'><strong>consueti</strong></span> <span class='ocrx_word' id='word_1_285' title='bbox 891 3204 948 3242; x_wconf 88' lang='lat' dir='ltr'><strong>sunt</strong></span> <span class='ocrx_word' id='word_1_286' title='bbox 959 3193 1113 3244; x_wconf 85' lang='lat' dir='ltr'><strong>scribentium</strong></span> <span class='ocrx_word' id='word_1_287' title='bbox 1127 3214 1165 3246; x_wconf 62' lang='lat' dir='ltr'><strong>err</strong></span> 
     </span>
     <span class='ocr_line' id='line_1_31' title="bbox 139 3279 1163 3346; baseline 0.001 -16"><span class='ocrx_word' id='word_1_288' title='bbox 139 3279 217 3330; x_wconf 88' lang='lat' dir='ltr'><strong>biores</strong></span> <span class='ocrx_word' id='word_1_289' title='bbox 233 3279 325 3346; x_wconf 78' lang='lat' dir='ltr'><strong>aliquot</strong></span> <span class='ocrx_word' id='word_1_290' title='bbox 337 3279 422 3342; x_wconf 89' lang='lat' dir='ltr'><strong>Statii,</strong></span> <span class='ocrx_word' id='word_1_291' title='bbox 434 3280 521 3327; x_wconf 76' lang='lat' dir='ltr'><strong>Mureti</strong></span> <span class='ocrx_word' id='word_1_292' title='bbox 536 3295 598 3328; x_wconf 89' lang='lat' dir='ltr'><strong>unus</strong></span> <span class='ocrx_word' id='word_1_293' title='bbox 612 3289 637 3328; x_wconf 94' lang='lat' dir='ltr'><strong>et</strong></span> <span class='ocrx_word' id='word_1_294' title='bbox 668 3296 740 3328; x_wconf 87' lang='lat' dir='ltr'><strong>rores.</strong></span> <span class='ocrx_word' id='word_1_295' title='bbox 756 3281 866 3328; x_wconf 86' lang='lat' dir='ltr'><strong>Horatius</strong></span> <span class='ocrx_word' id='word_1_296' title='bbox 881 3281 999 3345; x_wconf 86' lang='lat' dir='ltr'><strong>scripsisse</strong></span> <span class='ocrx_word' id='word_1_297' title='bbox 1014 3279 1110 3330; x_wconf 87' lang='lat' dir='ltr'><strong>videtur</strong></span> <span class='ocrx_word' id='word_1_298' title='bbox 1124 3299 1163 3331; x_wconf 87' lang='lat' dir='ltr'><strong>re-</strong></span> 
     </span>
     <span class='ocr_line' id='line_1_32' title="bbox 138 3361 1164 3431; baseline 0.003 -18"><span class='ocrx_word' id='word_1_299' title='bbox 138 3366 263 3416; x_wconf 75' lang='lat' dir='ltr'><strong>laticanus</strong></span> <span class='ocrx_word' id='word_1_300' title='bbox 284 3363 348 3431; x_wconf 84' lang='lat' dir='ltr'><strong>apud</strong></span> <span class='ocrx_word' id='word_1_301' title='bbox 362 3361 514 3412; x_wconf 86' lang='lat' dir='ltr'><strong>Lambinum:</strong></span> <span class='ocrx_word' id='word_1_302' title='bbox 535 3366 638 3413; x_wconf 83' lang='lat' dir='ltr'><strong>Praese·</strong></span> <span class='ocrx_word' id='word_1_303' title='bbox 668 3371 769 3414; x_wconf 84' lang='lat' dir='ltr'><strong>sectam.</strong></span> <span class='ocrx_word' id='word_1_304' title='bbox 793 3365 842 3413; x_wconf 86' lang='lat' dir='ltr'><strong>Hoc</strong></span> <span class='ocrx_word' id='word_1_305' title='bbox 867 3364 969 3431; x_wconf 88' lang='lat' dir='ltr'><strong>aliquis,</strong></span> <span class='ocrx_word' id='word_1_306' title='bbox 1001 3376 1109 3416; x_wconf 88' lang='lat' dir='ltr'><strong>metuens</strong></span> <span class='ocrx_word' id='word_1_307' title='bbox 1131 3384 1164 3417; x_wconf 82' lang='lat' dir='ltr'><strong>aa</strong></span> 
     </span>
     <span class='ocr_line' id='line_1_33' title="bbox 137 3450 1162 3517; baseline 0.001 -17"><span class='ocrx_word' id='word_1_308' title='bbox 137 3459 204 3501; x_wconf 84' lang='lat' dir='ltr'><strong>ctum</strong></span> <span class='ocrx_word' id='word_1_309' title='bbox 225 3452 305 3500; x_wconf 69' lang='lat' dir='ltr'><strong>aare</strong></span> <span class='ocrx_word' id='word_1_310' title='bbox 328 3466 376 3498; x_wconf 77' lang='lat' dir='ltr'><strong>uere</strong></span> <span class='ocrx_word' id='word_1_311' title='bbox 390 3451 532 3515; x_wconf 80' lang='lat' dir='ltr'><strong>castigavit</strong></span> <span class='ocrx_word' id='word_1_312' title='bbox 546 3450 580 3498; x_wconf 82' lang='lat' dir='ltr'><strong>ad</strong></span> <span class='ocrx_word' id='word_1_313' title='bbox 592 3466 637 3498; x_wconf 83' lang='lat' dir='ltr'><strong>uu·</strong></span> <span class='ocrx_word' id='word_1_314' title='bbox 668 3452 743 3515; x_wconf 88' lang='lat' dir='ltr'><strong>prima</strong></span> <span class='ocrx_word' id='word_1_315' title='bbox 767 3452 941 3516; x_wconf 83' lang='lat' dir='ltr'><strong>corriperetur,</strong></span> <span class='ocrx_word' id='word_1_316' title='bbox 965 3461 1057 3500; x_wconf 86' lang='lat' dir='ltr'><strong>mutare</strong></span> <span class='ocrx_word' id='word_1_317' title='bbox 1082 3454 1162 3517; x_wconf 86' lang='lat' dir='ltr'><strong>potuit</strong></span> 
     </span>
     <span class='ocr_line' id='line_1_34' title="bbox 137 3536 1163 3602; baseline 0 -16"><span class='ocrx_word' id='word_1_318' title='bbox 137 3553 219 3602; x_wconf 74' lang='lat' dir='ltr'><strong>gressu</strong></span> <span class='ocrx_word' id='word_1_319' title='bbox 235 3538 385 3586; x_wconf 85' lang='lat' dir='ltr'><strong>Rectissime:</strong></span> <span class='ocrx_word' id='word_1_320' title='bbox 399 3545 423 3584; x_wconf 89' lang='lat' dir='ltr'><strong>et</strong></span> <span class='ocrx_word' id='word_1_321' title='bbox 436 3537 507 3583; x_wconf 90' lang='lat' dir='ltr'><strong>miror</strong></span> <span class='ocrx_word' id='word_1_322' title='bbox 521 3537 637 3584; x_wconf 81' lang='lat' dir='ltr'><strong>exstitisse</strong></span> <span class='ocrx_word' id='word_1_323' title='bbox 668 3537 695 3584; x_wconf 89' lang='lat' dir='ltr'><strong>in</strong></span> <span class='ocrx_word' id='word_1_324' title='bbox 713 3544 861 3600; x_wconf 83' lang='lat' dir='ltr'><strong>prosectum.</strong></span> <span class='ocrx_word' id='word_1_325' title='bbox 890 3536 916 3586; x_wconf 86' lang='lat' dir='ltr'><strong>Si</strong></span> <span class='ocrx_word' id='word_1_326' title='bbox 936 3537 1066 3586; x_wconf 87' lang='lat' dir='ltr'><strong>similitudo</strong></span> <span class='ocrx_word' id='word_1_327' title='bbox 1087 3547 1163 3586; x_wconf 87' lang='lat' dir='ltr'><strong>tracta</strong></span> 
     </span>
     <span class='ocr_line' id='line_1_35' title="bbox 138 3620 1163 3688; baseline 0.001 -18"><span class='ocrx_word' id='word_1_328' title='bbox 138 3621 258 3686; x_wconf 88' lang='lat' dir='ltr'><strong>editores,</strong></span> <span class='ocrx_word' id='word_1_329' title='bbox 286 3624 329 3688; x_wconf 84' lang='lat' dir='ltr'><strong>qui</strong></span> <span class='ocrx_word' id='word_1_330' title='bbox 351 3621 396 3670; x_wconf 89' lang='lat' dir='ltr'><strong>hoc</strong></span> <span class='ocrx_word' id='word_1_331' title='bbox 419 3631 514 3687; x_wconf 90' lang='lat' dir='ltr'><strong>reperto</strong></span> <span class='ocrx_word' id='word_1_332' title='bbox 535 3620 637 3686; x_wconf 87' lang='lat' dir='ltr'><strong>alterum</strong></span> <span class='ocrx_word' id='word_1_333' title='bbox 668 3622 701 3670; x_wconf 88' lang='lat' dir='ltr'><strong>sit</strong></span> <span class='ocrx_word' id='word_1_334' title='bbox 724 3639 739 3670; x_wconf 90' lang='lat' dir='ltr'><strong>a</strong></span> <span class='ocrx_word' id='word_1_335' title='bbox 762 3624 933 3686; x_wconf 84' lang='lat' dir='ltr'><strong>marmorariis,</strong></span> <span class='ocrx_word' id='word_1_336' title='bbox 958 3625 1052 3688; x_wconf 83' lang='lat' dir='ltr'><strong>unguis·</strong></span> <span class='ocrx_word' id='word_1_337' title='bbox 1068 3625 1163 3672; x_wconf 88' lang='lat' dir='ltr'><strong>omuino</strong></span> 
     </span>
     <span class='ocr_line' id='line_1_36' title="bbox 140 3706 1163 3775; baseline 0 -18"><span class='ocrx_word' id='word_1_338' title='bbox 140 3707 346 3774; x_wconf 87' lang='lat' dir='ltr'><strong>amplecterentur.</strong></span> <span class='ocrx_word' id='word_1_339' title='bbox 364 3707 428 3756; x_wconf 87' lang='lat' dir='ltr'><strong>Unde</strong></span> <span class='ocrx_word' id='word_1_340' title='bbox 445 3709 507 3756; x_wconf 91' lang='lat' dir='ltr'><strong>enim</strong></span> <span class='ocrx_word' id='word_1_341' title='bbox 522 3706 635 3775; x_wconf 79' lang='lat' dir='ltr'><strong>librariis</strong></span> <span class='ocrx_word' id='word_1_342' title='bbox 666 3709 797 3774; x_wconf 83' lang='lat' dir='ltr'><strong>requiritur</strong></span> <span class='ocrx_word' id='word_1_343' title='bbox 817 3708 848 3757; x_wconf 90' lang='lat' dir='ltr'><strong>ad</strong></span> <span class='ocrx_word' id='word_1_344' title='bbox 865 3708 1031 3774; x_wconf 86' lang='lat' dir='ltr'><strong>explorandam</strong></span> <span class='ocrx_word' id='word_1_345' title='bbox 1047 3710 1163 3758; x_wconf 88' lang='lat' dir='ltr'><strong>commissi</strong></span> 
     </span>
     <span class='ocr_line' id='line_1_37' title="bbox 139 3790 1160 3858; baseline 0.003 -17"><span class='ocrx_word' id='word_1_346' title='bbox 139 3803 189 3843; x_wconf 84' lang='lat' dir='ltr'><strong>tam</strong></span> <span class='ocrx_word' id='word_1_347' title='bbox 205 3808 252 3841; x_wconf 88' lang='lat' dir='ltr'><strong>non</strong></span> <span class='ocrx_word' id='word_1_348' title='bbox 268 3793 395 3842; x_wconf 88' lang='lat' dir='ltr'><strong>communis</strong></span> <span class='ocrx_word' id='word_1_349' title='bbox 410 3802 517 3841; x_wconf 84' lang='lat' dir='ltr'><strong>monetae</strong></span> <span class='ocrx_word' id='word_1_350' title='bbox 532 3790 634 3840; x_wconf 89' lang='lat' dir='ltr'><strong>vocabu·</strong></span> <span class='ocrx_word' id='word_1_351' title='bbox 665 3796 785 3842; x_wconf 87' lang='lat' dir='ltr'><strong>marmoris</strong></span> <span class='ocrx_word' id='word_1_352' title='bbox 798 3794 926 3843; x_wconf 81' lang='lat' dir='ltr'><strong>levitatem.</strong></span> <span class='ocrx_word' id='word_1_353' title='bbox 941 3795 1021 3858; x_wconf 82' lang='lat' dir='ltr'><strong>Ungue</strong></span> <span class='ocrx_word' id='word_1_354' title='bbox 1034 3793 1064 3842; x_wconf 87' lang='lat' dir='ltr'><strong>ad</strong></span> <span class='ocrx_word' id='word_1_355' title='bbox 1081 3796 1160 3845; x_wconf 81' lang='lat' dir='ltr'><strong>vivum</strong></span> 
     </span>
     <span class='ocr_line' id='line_1_38' title="bbox 109 3861 1159 3944; baseline -0.001 -14"><span class='ocrx_word' id='word_1_356' title='bbox 109 3861 112 3866; x_wconf 30' lang='grc' dir='ltr'>Ι</span> <span class='ocrx_word' id='word_1_357' title='bbox 139 3879 207 3930; x_wconf 73' lang='lat' dir='ltr'><strong>lum?</strong></span> <span class='ocrx_word' id='word_1_358' title='bbox 220 3878 273 3943; x_wconf 88' lang='lat' dir='ltr'><strong>Ipsa</strong></span> <span class='ocrx_word' id='word_1_359' title='bbox 286 3894 378 3943; x_wconf 80' lang='lat' dir='ltr'><strong>quoque</strong></span> <span class='ocrx_word' id='word_1_360' title='bbox 391 3880 546 3940; x_wconf 88' lang='lat' dir='ltr'><strong>constructio,</strong></span> <span class='ocrx_word' id='word_1_361' title='bbox 560 3879 581 3925; x_wconf 92' lang='lat' dir='ltr'><strong>si</strong></span> <span class='ocrx_word' id='word_1_362' title='bbox 594 3875 634 3925; x_wconf 88' lang='lat' dir='ltr'><strong>ad·</strong></span> <span class='ocrx_word' id='word_1_363' title='bbox 665 3888 798 3944; x_wconf 88' lang='lat' dir='ltr'><strong>praesecto,</strong></span> <span class='ocrx_word' id='word_1_364' title='bbox 811 3881 925 3943; x_wconf 85' lang='lat' dir='ltr'><strong>asperitas</strong></span> <span class='ocrx_word' id='word_1_365' title='bbox 936 3895 984 3927; x_wconf 93' lang='lat' dir='ltr'><strong>non</strong></span> <span class='ocrx_word' id='word_1_366' title='bbox 996 3880 1111 3944; x_wconf 88' lang='lat' dir='ltr'><strong>sentitur,</strong></span> <span class='ocrx_word' id='word_1_367' title='bbox 1123 3890 1159 3929; x_wconf 90' lang='lat' dir='ltr'><strong>at-</strong></span> 
     </span>
     <span class='ocr_line' id='line_1_39' title="bbox 138 3961 1159 4032; baseline 0.003 -18"><span class='ocrx_word' id='word_1_368' title='bbox 138 3966 211 4014; x_wconf 89' lang='lat' dir='ltr'><strong>vertis</strong></span> <span class='ocrx_word' id='word_1_369' title='bbox 227 3964 345 4025; x_wconf 84' lang='lat' dir='ltr'><strong>animam,</strong></span> <span class='ocrx_word' id='word_1_370' title='bbox 359 3979 419 4027; x_wconf 88' lang='lat' dir='ltr'><strong>pene</strong></span> <span class='ocrx_word' id='word_1_371' title='bbox 433 3962 538 4027; x_wconf 82' lang='lat' dir='ltr'><strong>flagitat,</strong></span> <span class='ocrx_word' id='word_1_372' title='bbox 550 3972 578 4010; x_wconf 90' lang='lat' dir='ltr'><strong>ut</strong></span> <span class='ocrx_word' id='word_1_373' title='bbox 591 3961 634 4011; x_wconf 89' lang='lat' dir='ltr'><strong>hoc</strong></span> <span class='ocrx_word' id='word_1_374' title='bbox 666 3981 712 4030; x_wconf 87' lang='lat' dir='ltr'><strong>que</strong></span> <span class='ocrx_word' id='word_1_375' title='bbox 727 3963 784 4012; x_wconf 89' lang='lat' dir='ltr'><strong>adeo</strong></span> <span class='ocrx_word' id='word_1_376' title='bbox 797 3965 884 4028; x_wconf 83' lang='lat' dir='ltr'><strong>corrigi</strong></span> <span class='ocrx_word' id='word_1_377' title='bbox 896 3981 942 4012; x_wconf 88' lang='lat' dir='ltr'><strong>non</strong></span> <span class='ocrx_word' id='word_1_378' title='bbox 952 3974 1038 4028; x_wconf 90' lang='lat' dir='ltr'><strong>potest.</strong></span> <span class='ocrx_word' id='word_1_379' title='bbox 1054 3966 1159 4032; x_wconf 70' lang='lat' dir='ltr'><strong>Apparet</strong></span> 
     </span>
     <span class='ocr_line' id='line_1_40' title="bbox 140 4046 1162 4118; baseline 0.004 -18"><span class='ocrx_word' id='word_1_380' title='bbox 140 4050 304 4118; x_wconf 75' lang='lat' dir='ltr'><strong>quodcumque</strong></span> <span class='ocrx_word' id='word_1_381' title='bbox 321 4058 356 4096; x_wconf 91' lang='lat' dir='ltr'><strong>est</strong></span> <span class='ocrx_word' id='word_1_382' title='bbox 372 4046 513 4098; x_wconf 85' lang='lat' dir='ltr'><strong>adiectivum</strong></span> <span class='ocrx_word' id='word_1_383' title='bbox 532 4048 561 4098; x_wconf 89' lang='lat' dir='ltr'><strong>ad</strong></span> <span class='ocrx_word' id='word_1_384' title='bbox 573 4048 635 4099; x_wconf 89' lang='lat' dir='ltr'><strong>illud</strong></span> <span class='ocrx_word' id='word_1_385' title='bbox 668 4067 697 4100; x_wconf 84' lang='lat' dir='ltr'><strong>cx</strong></span> <span class='ocrx_word' id='word_1_386' title='bbox 710 4053 774 4114; x_wconf 85' lang='lat' dir='ltr'><strong>ipso,</strong></span> <span class='ocrx_word' id='word_1_387' title='bbox 791 4067 861 4117; x_wconf 84' lang='lat' dir='ltr'><strong>quem</strong></span> <span class='ocrx_word' id='word_1_388' title='bbox 874 4051 996 4100; x_wconf 88' lang='lat' dir='ltr'><strong>Bentleius</strong></span> <span class='ocrx_word' id='word_1_389' title='bbox 1011 4052 1108 4118; x_wconf 88' lang='lat' dir='ltr'><strong>attulit,</strong></span> <span class='ocrx_word' id='word_1_390' title='bbox 1125 4055 1162 4105; x_wconf 84' lang='lat' dir='ltr'><strong>Si-</strong></span> 
     </span>
    </p>
   </div>
   <div class='ocr_carea' id='block_1_5' title="bbox 0 0 1380 4844">
    <p class='ocr_par' dir='ltr' id='par_1_5' title="bbox 0 0 1380 4844">
     <span class='ocr_line' id='line_1_41' title="bbox 0 0 1380 4844; baseline 0 3"><span class='ocrx_word' id='word_1_391' title='bbox 0 0 1380 4844; x_wconf 95' lang='lat' dir='ltr'><strong> </strong></span> 
     </span>
    </p>
   </div>
  </div>
 </body>
</html>
