2752 4844
515 367 820 430 samsonis.
1121 372 1178 431 103

189 565 312 635 Verum
338 568 383 637 ita
408 569 547 661 risores,
573 571 618 639 ita
642 568 875 640 commendare
895 570 1024 643 dicaces

188 682 369 756 Conveniet
392 687 546 782 Satyros,
571 689 618 758 iu
643 696 771 758 vertere
793 688 884 759 seria·
902 689 1001 760 lado:
1145 761 1148 764 ,

191 803 241 874 Ne
252 805 459 899 quicumque
470 808 578 897 Deus,
591 808 798 900 quicumque
810 806 1024 879 adhibebitur
1035 808 1156 898 heros,

187 922 304 1016 Regali
327 934 527 1019 conspectus
554 927 589 996 in
612 949 695 996 euro
718 950 829 1020 nuper
852 934 886 997 et
907 935 1017 1018 ostro,

186 1039 307 1134 Migret
330 1043 365 1112 in
387 1042 547 1114 obscuras
569 1043 692 1113 humili
717 1067 870 1115 sermone
891 1043 1063 1130 tabema83

185 1158 272 1250 dut,
301 1160 382 1231 dum
404 1163 486 1233 vitat
506 1163 665 1251 humum,
693 1161 801 1232 nubes
824 1171 858 1232 et
882 1164 992 1233 inania
1017 1166 1138 1256 captet.

185 1277 323 1350 Effutire
348 1280 437 1351 leves
460 1280 595 1374 indigna
620 1280 803 1375 Tragoedia
829 1304 944 1352 versus
956 1333 967 1372 ,
1105 1290 1108 1299 '

185 1397 231 1468 Ut
254 1396 344 1468 festis
364 1408 518 1470 matrona
542 1401 668 1471 moveri
695 1401 787 1470 iussa
811 1398 951 1490 diebus,

185 1515 339 1586 Intererit
362 1517 490 1612 Satyris
514 1517 670 1611 paullum
695 1516 896 1612 pudibunda
914 1518 1088 1611 protervis.

182 1633 258 1705 Non
282 1659 345 1728 ego
369 1637 522 1707 inornata
548 1643 582 1707 et
604 1635 812 1706 dominantia
832 1636 968 1705 nomina
993 1634 1124 1722 solum,

150 1917 283 1983 lNllleT,
307 1900 431 1988 proprium
449 1933 474 1972 et
495 1925 608 1991 frequens
623 1927 649 1974 in
714 1925 830 1974 Paullum
841 1922 993 1988 pudilunda.
1019 1923 1046 1969 ln
1062 1937 1109 1969 uno
1125 1919 1185 1970 cod

149 2003 195 2052 bac
211 2022 237 2053 re
250 2005 399 2058 vocabulum.
415 2011 476 2058 Mon
489 2013 566 2059 etiam
578 2027 649 2076 agre·
676 2027 776 2075 parum.

148 2098 202 2139 stes
217 2093 322 2156 Satyros
335 2089 448 2143 tardauit.
465 2095 566 2144 Verbum
579 2113 648 2162 saepe
712 2099 831 2145 Inamata
852 2102 877 2143 et
900 2095 1056 2143 dominantia
1069 2093 1177 2142 nornine.

149 2176 297 2225 illustratum
313 2188 363 2241 est,
379 2195 434 2228 v.c.
449 2181 551 2231 aCortio
564 2180 649 2229 adPli-
680 2181 768 2245 Operae
789 2181 893 2246 pretium
916 2178 1019 2227 arbitror
1045 2178 1180 2244 explicaro,

148 2263 185 2310 nii
200 2263 273 2326 Epist.
285 2263 310 2326 l,
322 2266 346 2312 8.
364 2265 392 2311 Et
407 2266 441 2312 sic
457 2265 541 2330 legisse
554 2265 649 2314 videtur
681 2265 739 2331 qnid
754 2267 803 2314 sint
815 2267 931 2312 inornata
942 2267 1048 2323 nomina3
1067 2265 1178 2313 nimirum

149 2345 272 2396 Diomedes
279 2348 405 2399 Grammat.
419 2350 460 2400 111.
471 2351 597 2418 »satyrica
613 2361 648 2400 est
681 2352 786 2413 usitata,
808 2367 868 2417 qnae
889 2360 1013 2399 versantur
1030 2352 1056 2398 in
1072 2367 1178 2398 sermone

148 2432 213 2498 apud
232 2433 330 2482 Graecos
350 2435 450 2499 sabula,
474 2439 500 2485 in
522 2453 570 2502 qua
589 2439 648 2486 item
681 2447 705 2486 et
718 2435 1177 2502 consuetudinequotidiana,vulgaria,

146 2518 240 2584 Tragici
254 2529 338 2584 poetae
351 2538 398 2569 non
411 2538 479 2588 reges
494 2532 537 2571 aut
549 2522 646 2585 heroas,
679 2524 787 2589 opposita
795 2523 905 2587 poeticis⁸
912 2531 937 2570 et
952 2522 1084 2570 oratoriis:
1099 2521 1178 2569 coale-

148 2603 190 2653 aed
200 2605 296 2672 Satyros
304 2605 465 2671 induxerunt,
474 2607 574 2657 ludendi
581 2624 647 2657 cans·
678 2619 745 2657 ratur
760 2618 843 2657 auctor
858 2606 888 2656 ad
903 2607 1113 2669 Herenn.1l,12.
1133 2605 1178 2654 Ne·

147 2707 173 2739 sa
189 2688 356 2756 ridendique.”
680 2711 718 2742 mo
733 2694 784 2742 fere
800 2703 870 2758 poeta
885 2692 930 2740 hoe
942 2671 1027 2741 melius
1042 2691 1181 2755 intellexit,

180 2777 393 2826 Itoannmendora
407 2779 503 2827 dicaces
517 2780 649 2828 Conveniat
680 2795 751 2844 quarn
766 2777 892 2844 Virgilius,
908 2776 980 2842 idque
993 2787 1057 2826 recte
1073 2776 1178 2825 animad-

149 2861 261 2923 Sutpros.
285 2861 358 2910 Recte
382 2864 477 2928 antiqui
497 2866 648 2929 interpretes.
681 2873 804 2911 verterunt
834 2863 928 2927 antiqui
957 2863 1108 2926 interpretes.
1142 2862 1180 2910 Ita

149 2945 220 2993 Acro:
238 2946 342 2995 »Omnia
357 2963 418 3012 quae
432 2947 545 3011 dicimus,
558 2948 649 2998 deside·
680 2949 764 3016 Gearg.
785 2951 814 3012 l,
829 2950 886 2997 341.
912 2950 988 2996 Tasta
1002 2963 1057 2996 cum
1078 2947 1179 2996 ardenta

148 3047 226 3079 ramus
239 3031 351 3097 plaeere,
372 3049 400 3081 ac
419 3050 463 3098 per
475 3033 519 3081 hoc
538 3034 645 3083 videmur
676 3035 790 3084 viderant
797 3035 940 3084 scintillare
947 3035 1074 3082 aleunrsae
1089 3031 1180 3082 diceret

146 3116 309 3166 commendare
349 3118 445 3167 auribus
483 3118 645 3169 auditornm.”
678 3123 801 3170 lucernam
814 3121 927 3169 tenuiter.
942 3119 1047 3181 11,2ao.
1066 3101 1179 3167 Candida

147 3203 287 3268 Quintilian.
296 3204 374 3253 lnstit.
383 3204 446 3254 Orat.
456 3205 477 3252 X
486 3242 494 3268 ,
503 3208 526 3256 l.
540 3207 644 3270 ffatim
675 3208 746 3255 venit
768 3207 825 3254 uois
845 3207 929 3271 longis
948 3206 1033 3254 inrisa
1056 3207 1179 3267 colubrlr;

147 3291 645 3340 nenrabietara'cornmcamnandaaitnia-
677 3291 721 3341 nbi
744 3290 858 3340 describit
881 3293 1010 3340 mnium.
1034 3289 1132 3341 Aeneid.
1151 3291 1178 3354 I,

144 3376 197 3441 gis.
214 3376 323 3425 Perverse
334 3376 445 3426 nonnulli
456 3378 644 3443 interpretantur
676 3379 739 3440 726,
755 3379 853 3442 lychnos
867 3377 954 3425 Graece
970 3379 1066 3442 posuit,
1082 3394 1112 3425 ne
1128 3377 1178 3425 vile

147 3462 268 3512 udltibere.
678 3462 770 3529 aliquid
786 3463 933 3512 introlerret.
949 3463 1176 3524 Aeneid.1t',254.

180 3549 272 3613 Regali
291 3555 433 3613 anapestus
450 3541 481 3596 iri
495 3564 554 3598 aura
569 3565 647 3614 nuper
677 3551 722 3598 avi
745 3550 856 3614 similis,
884 3565 944 3613 quae
967 3551 1059 3598 airastus
1084 3549 1177 3610 litora,

149 3639 174 3680 at
189 3641 262 3683 ostra
288 3634 316 3684 ln
331 3634 453 3684 nonnullis
470 3636 558 3683 iterum
574 3637 645 3684 traie-
677 3637 770 3684 airnun
799 3636 914 3685 Piscosos
943 3636 1052 3699 somnos
1075 3633 1179 3682 humilis

147 3727 187 3768 cta
209 3718 324 3768 vocabula
346 3721 511 3786 reperiuntur:
534 3722 564 3768 ln
580 3727 647 3769 ostro
678 3723 746 3770 volat
771 3736 876 3786 aequora
900 3721 991 3782 iuuta5
1021 3721 1179 3784 incongruum

146 3819 225 3868 nuper
243 3812 269 3853 ct
283 3821 350 3855 auro.
381 3807 425 3855 Pro
444 3822 523 3872 nuper·
537 3805 588 3855 vidi
603 3808 646 3872 qui
678 3817 729 3856 erat
745 3807 839 3856 heroico
856 3807 968 3868 carmini,
985 3807 1006 3854 si
1016 3819 1126 3869 margum
1138 3803 1179 3855 vel

147 3891 275 3940 coniecerit
283 3907 404 3955 purpura.
421 3893 485 3941 Bona
498 3892 645 3956 emendatio,
670 3894 780 3954 fulicam
802 3891 900 3941 diceret.
926 3891 989 3939 llaec
1005 3889 1099 3938 Servius
1115 3900 1180 3939 recte

147 3978 195 4027 nisi
213 3976 262 4025 tale
279 3975 416 4026 adverbium
433 3979 526 4027 omnino
542 3980 647 4046 require·
679 3978 820 4026 observavit.
841 3975 934 4025 Similia
950 3974 1093 4024 Scholiastae
1106 3976 1179 4025 Hora·

147 4074 229 4127 retur,
246 4072 272 4112 et
287 4070 354 4111 ostro
369 4074 515 4129 sequeretur.
680 4066 709 4114 tii
731 4063 862 4112 observasse
883 4060 1003 4111 videntur.
1024 4063 1053 4110 ln
1071 4061 1181 4129 reliquiis
