2752 4844
226 393 283 453 140
487 394 697 454 llOIiATll
728 392 972 452 EPISTULA

253 593 456 664 Membranis
475 597 566 665 intus
588 597 715 690 positis.
741 596 859 667 Delere
884 592 1017 681 licebit,

253 713 354 800 Quod
374 736 444 783 non
466 712 627 802 edideris3
651 714 757 784 nescit
780 738 844 784 vox
867 713 965 782 missa
989 709 1118 780 reverti.

220 836 223 843 '
253 831 427 902 silvestres
445 833 597 903 homines
617 855 710 902 sacer
733 833 965 927 interpresque
989 830 1157 914 Deorum,

254 949 421 1020 Caedibus
446 959 480 1022 et
503 952 594 1021 victu
615 950 714 1022 foedo
735 949 897 1021 deterruit
918 949 1093 1044 Orpheus;

252 1069 370 1139 Dictus
389 1069 434 1139 ob
456 1070 521 1140 hoc
544 1071 647 1140 lenire
667 1071 769 1164 tigres
794 1068 995 1162 rabidosque
1015 1067 1145 1138 leones:

220 1195 223 1200 ’
252 1187 371 1258 Dictus
393 1199 427 1258 et
447 1187 637 1282 Amphion,
662 1188 840 1260 Thebanae
862 1186 1016 1259 conditor
1040 1184 1154 1274 urbis,

219 1410 419 1460 iudicionondum
427 1413 588 1463 satissubacto
597 1423 621 1462 et
630 1415 714 1463 confir·
745 1429 798 1461 rum
821 1413 941 1461 honorem.
969 1414 1064 1473 Germe,
1090 1420 1119 1459 ut
1134 1408 1248 1476 Virgilius

219 1506 297 1559 mato,
315 1500 354 1546 cui
362 1508 455 1561 tamen,
465 1516 611 1566 quacumque
622 1499 716 1548 demum
748 1498 845 1548 heneid.
855 1499 881 1561 l,
894 1514 948 1564 pag.
962 1501 1017 1546 222.
1037 1496 1112 1545 Credo
1122 1496 1247 1559 equidem,

220 1581 249 1630 de
258 1599 351 1647 caussa,
364 1584 436 1650 vulgo
444 1586 546 1634 multum
556 1585 715 1635 tribuebatur,
747 1602 791 1634 aec
802 1602 866 1633 oona
873 1584 955 1646 fides,
968 1599 1048 1648 genus
1064 1597 1116 1631 esse
1131 1584 1246 1630 Deomm.

219 1667 284 1716 Idem
292 1671 370 1717 vivere
378 1672 457 1735 potuit
466 1681 570 1737 tempore
578 1671 669 1720 Horatii
674 1708 682 1735 ,
692 1682 717 1720 et
748 1671 856 1720 Tibullus
865 1687 907 1719 scu
915 1679 998 1718 auctor
1005 1668 1118 1717 Carminis
1126 1667 1156 1716 ad
1163 1668 1248 1718 blessa-

219 1752 308 1802 habere
321 1772 393 1804 annos
408 1758 531 1822 sexaginta
544 1759 657 1824 quinque.
683 1758 720 1806 Ita
751 1757 799 1806 lam
807 1775 840 1806 vs.
850 1759 891 1806 62.
910 1756 1028 1814 Quamvis
1040 1756 1088 1802 ille
1093 1754 1166 1814 foret
1179 1753 1247 1801 Solis

219 1841 335 1889 Ciceronis
344 1851 422 1890 aetate
430 1853 501 1891 natus
511 1845 596 1892 suisset
606 1860 678 1892 annos
686 1845 720 1892 vi·
749 1859 837 1908 genus.
847 1843 959 1908 Virgilius
967 1841 1045 1906 Eclog.
1052 1841 1135 1903 Itan.
1143 1839 1200 1888 Non
1207 1854 1247 1886 rae

218 1927 282 1990 giuti
303 1929 416 1992 quinque.
440 1928 487 1976 Sed
505 1928 534 1976 de
550 1931 638 1976 Maecio
659 1928 717 1976 ube·
749 1931 901 1977 comitibus
917 1931 1052 1976 aiacetnec
1065 1928 1187 1975 Thracius
1202 1926 1248 1973 Or·

219 2013 283 2074 rius,
299 2013 326 2058 ni
340 2012 425 2075 sallor,
443 2015 553 2076 exposuit
570 2015 664 2062 Estreus
679 2029 721 2060 no·
748 2015 1158 2079 placus,NecLinrts,huiamater
1165 2027 1248 2075 quam·

218 2105 268 2144 ster
280 2097 306 2143 in
315 2097 514 2163 Prosopograpbia
521 2099 661 2162 Horatiana,
677 2116 716 2147 cu·
749 2102 804 2163 vis,
819 2109 891 2165 atquc
899 2103 957 2165 lenio
965 2108 1042 2165 pater
1048 2100 1118 2148 adsit
1125 2117 1134 2146 .·
1152 2098 1246 2161 Orphei

219 2182 257 2230 ius
269 2182 369 2248 pulchre
384 2185 507 2248 compositi
515 2183 573 2232 libri
581 2184 627 2232 duo
635 2185 716 2250 Capita
750 2187 877 2251 Calliope,
909 2189 973 2235 Lino
997 2188 1123 2248 sormones
1149 2183 1246 2247 Apollo.

218 2285 279 2316 anno
287 2270 408 2334 superiore
416 2269 502 2320 Leidae
511 2270 659 2336 prodierunt.
750 2270 850 2336 Quintil.
859 2273 937 2322 Instit.
946 2273 1008 2322 Orat.
1017 2273 1038 2335 l,
1046 2285 1069 2321 x.
1078 2271 1158 2321 Iidem
1165 2270 1248 2318 Masi-

249 2356 387 2404 silvestres
406 2358 515 2405 hanzines
530 2372 612 2421 soom,
637 2358 717 2406 iater-
748 2361 774 2406 ci
784 2367 810 2406 at
822 2367 892 2407 vates
904 2366 930 2406 et
939 2360 1065 2422 sopientes
1074 2358 1248 2405 indicarentur

214 2455 319 2504 presque
334 2443 455 2500 Deorum,
472 2443 592 2490 caedibus
607 2450 633 2490 et
647 2445 718 2492 rictu
751 2445 995 2508 Orpheusetliaus:
1007 2457 1107 2506 quartem
1118 2449 1248 2506 atramque

209 2525 285 2584 foedo
301 2525 427 2573 deterrmt
444 2527 561 2591 Orpheus.
584 2528 635 2576 Non
648 2527 717 2577 credo
748 2531 811 2577 Diis
822 2530 955 2593 genitum,
972 2529 1080 2576 atteram
1095 2542 1167 2589 aera,
1185 2528 1250 2590 qaod

218 2620 283 2658 recte
298 2611 381 2659 Latine
394 2611 537 2661 adiectivum
550 2614 583 2662 sic
594 2613 623 2662 de
632 2613 713 2663 codem
746 2615 819 2663 rades
834 2628 924 2678 quoque
938 2620 1011 2676 atque
1025 2621 1138 2678 agrestes
1151 2615 1248 2662 animos

218 2695 408 2762 hominepouiin
416 2701 494 2764 priore
502 2699 716 2764 membro,inalte·
747 2701 912 2749 admiratione
924 2701 1056 2762 redamet,
1069 2699 1193 2763 conseras
1199 2715 1249 2748 ma·

217 2799 244 2831 ro
258 2782 438 2833 substantivum.
453 2785 552 2833 Rectum
561 2797 597 2835 est
606 2788 716 2851 Orpheus
748 2787 790 2850 de,
804 2787 848 2835 sed
860 2802 922 2834 sora
934 2787 1012 2833 etiam
1024 2787 1150 2848 micasque
1162 2785 1249 2832 duats-

218 2885 288 2917 sacer
295 2878 321 2919 et
328 2872 435 2919 Deorum
442 2871 595 2934 amicas,vel
606 2873 716 2936 Orpheae
748 2888 788 2932 se,
797 2873 910 2937 posteris
922 2873 1052 2920 murtiae
1065 2872 1187 2919 traditum
1198 2877 1246 2920 est.

217 2957 327 3004 sacerdos
342 2963 369 3003 et
383 2959 490 3005 Deorum
505 2959 644 3020 interpres5
669 2974 717 3006 non
788 2960 882 3007 Dictus
903 2964 930 3006 et
960 2957 1095 3021 Amphion,
1122 2957 1248 3004 Thebanae

217 3051 309 3090 rectum
325 3051 361 3089 est
379 3040 489 3106 Orpheus
496 3058 566 3091 sacer
573 3050 599 3090 et
611 3045 716 3091 Deorum
749 3046 861 3093 aorrditor
875 3045 953 3092 ortis.
970 3044 1029 3107 Quia
1046 3041 1151 3091 condidit
1164 3040 1248 3090 urbem

219 3129 353 3191 interpres.
364 3129 440 3176 Sacer
448 3146 477 3177 ex
485 3130 718 3180 sententiavetcrum
748 3128 854 3192 Thebas,
883 3127 914 3176 ob
943 3128 1006 3191 hoc,
1039 3126 1103 3194 quod
1132 3126 1246 3176 condidit.

218 3214 377 3277 interpretum
390 3223 426 3262 est
443 3213 456 3262 ὃ
472 3214 604 3279 θεόλογος
623 3214 662 3263 vel
677 3232 717 3263 sa·
748 3216 834 3264 Acron:
859 3213 976 3263 »Cadmus
996 3213 1088 3263 'lbebas
1108 3214 1244 3272 constituit;

218 3298 308 3346 cardos.
338 3298 392 3346 Sine
409 3300 526 3365 exemplo.
548 3300 660 3366 Equidem
674 3318 716 3367 pro
749 3318 788 3349 aas
803 3317 870 3348 muro
892 3301 968 3348 cinxit
982 3300 1126 3366 Amphion.'’
1149 3297 1248 3347 Cadmus

219 3383 306 3432 slent
326 3383 476 3432 scribendum
495 3385 596 3435 arbitror
619 3388 715 3436 tants.
748 3403 833 3452 nempe
857 3387 948 3452 primus
971 3401 1051 3435 arcem
1067 3387 1172 3434 Thehmn
1192 3402 1247 3433 con·

218 3472 296 3520 Prima
320 3471 468 3535 corruptelae
486 3488 566 3520 caussa
586 3474 674 3521 itcrnm
690 3475 715 3522 in
748 3472 817 3522 didit.
835 3474 866 3521 Fa
882 3489 929 3521 ara
942 3483 999 3521 tunc
1016 3482 1067 3521 erat
1080 3473 1138 3520 urbs
1153 3470 1244 3533 πόλις,

219 3558 366 3622 transpositis
374 3556 459 3606 literis.
469 3557 567 3624 Flegans
575 3569 638 3607 certe
647 3569 683 3607 cst
691 3569 716 3607 et
748 3575 825 3624 neque
846 3558 893 3608 alio
918 3559 1029 3621 nomine,
1054 3572 1125 3624 quam
1147 3555 1247 3614 πόλις

220 3660 274 3692 vere
286 3644 383 3692 latinus
401 3659 481 3692 versus
495 3647 630 3694 Silvestrea
642 3647 718 3694 hoeni·
750 3645 925 3712 appellabatur,
941 3647 1083 3695 llaecvetus
1089 3645 1161 3707 urbs,
1179 3643 1248 3693 dein·

217 3746 353 3795 tergenus
366 3732 718 3795 interpresqneDeorumCae-
750 3731 840 3798 dapar
859 3730 1013 3797 Amphionem
1034 3740 1104 3780 aucta
1120 3739 1146 3778 et
1163 3729 1247 3795 ampli·
1274 3797 1277 3800 ἱ

219 3815 290 3864 dibus
305 3826 332 3865 et
352 3819 422 3864 rictu
434 3817 510 3877 foedo
525 3818 649 3866 deterruit
673 3819 718 3866 Or·
749 3820 836 3882 ficata,
852 3828 880 3866 ut
893 3817 1080 3884 distingueretur
1092 3833 1174 3866 anova
1186 3815 1244 3878 illa,

218 3904 302 3965 pheras.
311 3902 430 3968 Orpheus,
439 3904 489 3969 ipse
498 3921 528 3953 ex
536 3907 610 3971 stirpe
619 3904 712 3968 divina,
745 3903 910 3953 nominabatur
928 3903 1045 3967 Cadmea,
1057 3913 1083 3951 et
1093 3904 1178 3951 eximie
1190 3901 1244 3951 rad-

220 3990 259 4036 cui
272 3999 347 4037 mater
360 3991 409 4038 suit
423 3990 535 4057 Calliope.
550 3991 616 4042 Nihil
629 3991 715 4040 melius
748 3991 804 4055 iac,
829 4001 857 4040 nt
877 3989 988 4040 Londinii
1008 3990 1171 4055 antiquissima
1189 4003 1243 4053 pars

221 4073 269 4123 dici
276 4084 369 4139 poterat
378 4074 408 4124 ad
422 4077 630 4128 commendandum
638 4087 719 4143 poeta·
751 4079 805 4142 m'ty
821 4088 845 4126 et
864 4077 957 4127 Parisiis
973 4077 997 4123 la
1012 4075 1072 4126 citt.
1100 4076 1146 4139 Qui
1160 4090 1243 4122 novam
