2752 4844
210 426 230 485 2
377 371 396 420 g
444 413 680 516 ΙΙΙΟΙὶΑΤἸΙ
711 415 961 477 EPISTULA

245 626 400 718 Undique
424 621 555 698 collatis
579 616 755 719 membru,
782 623 821 686 ut
845 618 990 711 turpiter
1013 627 1125 691 atrum

248 748 384 818 Desinat
407 743 443 812 in
467 741 592 834 piscem
617 737 739 806 mulier
755 736 909 826 ,formosa
934 760 1093 833 superne,

216 1013 297 1055 cetera
311 1002 416 1050 membro
428 998 535 1063 audique
551 997 707 1058 collatapla·
740 995 807 1042 linae
820 991 954 1054 Africanae
971 1003 1031 1044 sant
1042 995 1164 1061 grandes,
1188 1013 1230 1045 va·

216 1094 267 1139 mis
280 1090 392 1138 obducere
406 1094 432 1134 et
448 1094 544 1150 tegere:
557 1083 582 1132 id
600 1082 662 1129 enim
671 1090 707 1128 est
739 1081 807 1141 riae,
820 1081 943 1144 gibbosas.
959 1082 1013 1145 Tot,
1031 1094 1059 1130 ut
1069 1084 1135 1133 vides
1148 1083 1229 1133 absur-

214 1180 336 1228 indacare.
354 1173 419 1223 Ovid.
433 1173 489 1220 Met.
503 1172 539 1233 X,
549 1173 604 1219 271.
614 1176 706 1232 etpaa-
738 1163 781 1224 da,
798 1173 834 1211 tot
841 1165 1004 1232 incredibilia,
1016 1171 1053 1218 vel
1068 1172 1146 1221 lsiacis
1154 1174 1230 1238 picto·

214 1267 254 1315 dis
271 1265 380 1314 inductae
397 1260 510 1329 coraibus
523 1271 610 1304 aarum
619 1254 703 1302 Conci-
735 1248 802 1297 ribus
823 1249 976 1319 abneganda,
1003 1258 1122 1323 vulgatam
1145 1259 1229 1308 lectio·

125 1368 127 1375 ⁴
214 1353 376 1401 daruatictae
388 1348 461 1394 niveo
476 1343 569 1391 cervice
584 1342 707 1387 iaveraaae.
740 1355 794 1386 nem
802 1351 941 1406 sequuntur.
951 1343 1035 1392 Levius
1043 1345 1137 1410 quidem
1147 1353 1229 1410 peccat

215 1450 240 1488 et
265 1439 313 1501 lx,
340 1439 396 1485 391.
421 1433 476 1482 sina
499 1430 596 1476 anniae
625 1434 706 1474 aestro
738 1432 827 1483 Codicis
840 1435 910 1501 Regii
925 1439 1054 1501 scriptura,
1072 1435 1113 1498 qui
1127 1432 1189 1479 clare
1203 1442 1228 1480 et

208 1525 336 1588 vcontegas}
355 1507 617 1583 aductusmara'eatia
632 1515 706 1560 lumi·
737 1519 787 1566 sine
804 1521 878 1570 litura
890 1521 1000 1571 exbibet:
1018 1523 1102 1569 varias
1114 1521 1228 1569 inducero

213 1625 247 1656 aa
270 1615 362 1656 sartos.
394 1605 442 1652 lam
467 1619 522 1650 vero
543 1600 606 1650 illud
626 1603 703 1650 omnia
734 1621 841 1667 pennas:
857 1608 898 1656 sed
913 1625 957 1656 nec
977 1606 1036 1654 baec
1051 1607 1129 1670 sagaci
1143 1605 1228 1652 lectori

214 1702 324 1759 portenta
345 1699 369 1739 et
385 1689 489 1737 omnium
505 1702 628 1751 aegrorum
644 1703 703 1734 som·
736 1692 818 1740 sucum
834 1662 914 1742 faceri
929 1695 1029 1760 poterit,
1045 1692 1090 1739 Cur
1109 1692 1171 1738 enim
1187 1707 1228 1738 aa·

214 1783 254 1829 nia
270 1781 339 1845 longe
354 1785 492 1843 exsuperet,
507 1776 528 1821 si
541 1776 656 1821 mulieris
669 1775 704 1821 sa·
737 1781 792 1827 rias
809 1779 921 1830 obsecro?
942 1781 992 1828 Non
1005 1781 1061 1827 satis
1074 1788 1227 1826 monstrosum

213 1870 279 1930 cies,
310 1869 330 1915 si
362 1866 419 1929 eqni
451 1859 548 1919 cervix,
582 1858 604 1904 si
633 1856 706 1906 cauda
740 1873 813 1926 erat,
825 1867 847 1912 si
856 1868 927 1914 unius
940 1868 1007 1913 cuius
1022 1866 1057 1913 vis
1074 1863 1157 1912 coloris
1167 1879 1229 1927 paa-

209 1953 331 2018 pistricis
347 1951 434 2016 plumis
445 1945 585 1994 vestiantur.
602 1941 706 1989 Vestram
738 1964 784 1997 nae
804 1952 852 1998 sive
869 1952 920 1999 alae
937 1951 1148 2015 'appingerenturi‘
1172 1949 1227 2012 Quis

212 2039 301 2100 fidem,
324 2038 437 2102 pictores;
462 2028 505 2078 ubi
526 2038 656 2089 terrarum,
681 2029 706 2075 in
741 2033 802 2082 ferat
819 2037 843 2083 in
860 2039 919 2101 ipsis
939 2036 1037 2102 ineptiis
1053 2044 1102 2082 tam
1122 2036 1227 2098 ineptam

212 2139 259 2188 qua
275 2138 374 2187 usquam
390 2114 490 2185 pergula
506 2123 554 2160 tam
570 2112 704 2177 prodigiosa
737 2128 762 2166 et
778 2119 886 2184 putidam
900 2121 1066 2187 diligentiam?
1082 2121 1225 2184 Numquam,

208 2207 293 2257 tabula
314 2204 451 2273 prestabat?
472 2203 524 2268 lpse
541 2219 596 2249 vero
618 2213 702 2267 poeta,
736 2207 796 2255 milri
820 2209 902 2274 crede,
918 2212 957 2258 sic
976 2207 1081 2272 desipuit
1101 2205 1224 2261 Horatiusa

252 2291 310 2359 quid
328 2293 407 2357 sapio,
427 2310 473 2342 non
489 2292 566 2341 levius
583 2296 702 2342 existima·
735 2294 781 2340 etsi
804 2296 852 2343 iam
876 2295 932 2343 olim
953 2297 978 2343 in
1003 2297 1054 2344 eius
1078 2282 1147 2342 libris
1167 2291 1227 2340 haec

213 2381 285 2428 tionis
301 2378 425 2426 discrimen
440 2379 519 2443 subit,
542 2383 585 2446 qui
599 2391 647 2429 tam
664 2381 705 2428 ab·
737 2378 821 2426 menda
838 2379 976 2427 inoleverit:
990 2381 1024 2427 sic
1038 2382 1100 2427 enim
1113 2379 1177 2427 hunc
1193 2379 1228 2426 lo·

212 2461 282 2512 surda
299 2463 389 2527 fingere
405 2461 499 2525 voluit,
524 2465 667 2527 quenula,
684 2466 705 2513 si
737 2480 791 2511 cum
827 2464 886 2510 citat
920 2463 1020 2511 loannes
1051 2463 1227 2512 Sarisberiensis

211 2549 264 2614 quis
294 2556 345 2610 est,
371 2549 414 2614 qui
428 2549 488 2598 velit
503 2551 610 2615 pingere.
644 2552 704 2614 Qui,
737 2549 886 2611 Polic.ll,8.
901 2550 1050 2612 Mancia,
1066 2551 1157 2613 inquit,
1174 2566 1228 2597 coa-

210 2635 312 2698 malum,
335 2634 447 2695 formosa
476 2651 579 2699 saporam
602 2635 702 2698 mulier,
735 2639 837 2702 iungit,
861 2644 891 2684 at
907 2639 932 2684 si
952 2637 1065 2684 IIamaaa
1078 2635 1162 2697 'capiti
1176 2650 1228 2682 aar·

211 2725 250 2772 cui
266 2732 337 2788 caput
354 2733 378 2770 et
395 2731 445 2770 tota
467 2723 540 2771 facies
559 2722 646 2789 plumis
662 2721 703 2770 ob·
735 2725 812 2771 meam
829 2725 922 2787 iungat
937 2723 1064 2786 apinam,
1086 2720 1171 2766 varias
1186 2721 1227 2766 ia·

210 2807 282 2859 ducta
298 2809 369 2857 erat?
386 2808 485 2874 Elegans
501 2826 556 2858 sane
573 2811 702 2857 formarum
734 2809 822 2856 ducens
842 2808 950 2872 undique
966 2807 1074 2872 plumas,
1096 2811 1128 2852 at
1150 2805 1226 2852 iaata

199 2906 338 2963 spectator,
364 2896 494 2964 dignusque
512 2897 551 2944 cui
567 2894 622 2944 talis
645 2893 702 2961 aly·
734 2895 851 2958 Pactam,
878 2896 987 2960 turpiter
1010 2899 1093 2939 atnam
1117 2891 1226 2939 Desinat

210 2998 263 3030 cera
280 2982 318 3029 vel
334 2981 430 3032 Inachia
446 3002 499 3033 cum
520 2983 622 3048 plumeis
636 2982 703 3047 genis
734 2984 763 3030 ia
774 2985 870 3047 piscem
885 2986 976 3032 mulier
983 2983 1096 3044 famosa
1113 2995 1225 3043 asperae.

208 3065 237 3114 de
262 3076 330 3114 nocte
354 3068 442 3118 veniat.
468 3069 532 3118 Unde
555 3085 624 3134 porro
640 3068 700 3116 sciet
732 3066 781 3115 Ubi·
788 3070 888 3132 plantas
902 3066 978 3116 babet
994 3077 1018 3117 et
1031 3067 1106 3116 Codex
1122 3069 1225 3131 scriptus

209 3162 341 3220 spectator,
350 3156 445 3218 piscem
459 3171 508 3203 esse
521 3156 547 3202 in
566 3152 662 3217 tabula,
680 3156 701 3203 si
733 3154 938 3221 Cantabrigiensis.
960 3155 1095 3214 Enimvero,
1111 3153 1150 3199 cui
1162 3153 1225 3201 fama

209 3258 257 3291 non
278 3243 394 3307 squamis,
416 3241 457 3289 sed
477 3240 564 3306 plumis
579 3250 643 3288 totus
660 3239 701 3288 ob·
734 3239 837 3288 ettalus
855 3239 967 3287 Venusini
982 3242 1057 3288 nostri
1074 3238 1139 3288 cordi
1161 3242 1224 3304 erit,

211 3327 393 3392 tegaturl'Qul
411 3325 528 3376 divinabit
549 3336 626 3374 atrurn
651 3343 700 3375 esse
733 3329 781 3389 sic,
799 3329 895 3392 opinor,
912 3317 1065 3376 mecum'non
1082 3330 1171 3376 invitus
1187 3344 1225 3376 re-

205 3415 316 3479 piscatu,
334 3413 373 3460 cui
389 3414 474 3461 varias
489 3424 513 3462 et
529 3413 625 3463 diversis
640 3414 702 3461 colo·
734 3422 819 3479 ponet:
839 3414 952 3460 Iluamao
967 3415 1048 3476 capiti
1060 3416 1224 3478 ceraioempi·

208 3499 275 3551 ribus
289 3501 389 3563 plamae
409 3496 521 3546 inductae
537 3499 610 3547 sunt?
631 3496 658 3545 Id
675 3515 699 3546 e·
731 3506 785 3547 otor
806 3499 918 3561 equinam
934 3500 1040 3565 Ieaagere
1056 3503 1082 3549 si
1099 3505 1175 3566 velit,
1198 3508 1224 3549 et

207 3588 271 3647 nim,
288 3602 318 3635 ne
328 3584 431 3644 nescias,
444 3585 530 3631 variae
538 3586 638 3648 plamae
651 3583 698 3633 tibi
730 3585 936 3633 variasindaoera
943 3587 1043 3647 somnae
1059 3589 1222 3653 uadiqeaoot

208 3668 383 3735 significabunt.
398 3668 532 3735 Propertius
544 3673 637 3735 lll,ll.
646 3672 700 3722 Aat
732 3673 794 3719 latis
814 3674 946 3734 rnambris,
968 3681 998 3720 at
1014 3676 1124 3738 turpiter
1138 3682 1223 3722 atnam

208 3757 303 3803 variam.
320 3754 420 3817 plamae
443 3758 598 3807 immanioris
621 3775 697 3809 avem.
731 3761 839 3808 Desinat
859 3761 888 3806 ia
901 3761 996 3823 piscem
1010 3762 1101 3808 mulier
1108 3761 1222 3822 formasa

208 3842 298 3890 Plinius
321 3841 380 3889 Hist.
405 3841 441 3903 X,
466 3845 506 3891 38.
531 3847 699 3910 Meleagridas
731 3859 841 3909 superno.
855 3845 923 3892 Levis
931 3847 1001 3892 estin
1014 3855 1110 3910 recepta
1119 3848 1222 3910 scriptu·

207 3926 325 3988 Africae,
349 3929 391 3976 bac
410 3935 460 3990 est,
482 3931 637 3994 gallinarum
654 3947 698 3996 ge·
730 3947 756 3978 ra
777 3928 907 3986 aberrati03
931 3944 1000 3994 quam
1022 3931 1043 3978 si
1060 3929 1220 3978 somniculosis

207 4028 266 4073 aas,
280 4012 422 4076 gibborum,
438 4015 510 4063 variis
525 4032 629 4080 sparsum
643 4015 697 4081 plu·
728 4015 832 4064 librariis
842 4014 983 4080 imputabis,
1000 4025 1078 4063 cetera
1093 4013 1139 4062 tibi
1152 4027 1220 4076 prae·

205 4098 258 4147 aa.
275 4096 345 4146 Varro
355 4095 384 4146 de
399 4097 513 4148 bellust
531 4100 615 4163 111,e.
637 4103 694 4151 Gai
726 4111 788 4150 stare
801 4115 903 4166 possum.
918 4100 999 4150 Omnia
1013 4101 1214 4164 enim'quaecum·
