<?xml version="1.0" encoding="UTF-8"?>
<!DOCTYPE html PUBLIC "-//W3C//DTD XHTML 1.0 Transitional//EN"
    "http://www.w3.org/TR/xhtml1/DTD/xhtml1-transitional.dtd">
<html xmlns="http://www.w3.org/1999/xhtml" xml:lang="en" lang="en">
 <head>
  <title>
</title>
<meta http-equiv="Content-Type" content="text/html;charset=utf-8" />
  <meta name='ocr-system' content='tesseract 3.04.00' />
  <meta name='ocr-capabilities' content='ocr_page ocr_carea ocr_par ocr_line ocrx_word'/>
</head>
<body>
  <div class='ocr_page' id='page_1' title='image "./qhoratiiflaccie01horagoog_0093.png"; bbox 0 0 2752 4844; ppageno 0'>
   <div class='ocr_carea' id='block_1_1' title="bbox 180 391 934 458">
    <p class='ocr_par' dir='ltr' id='par_1_1' title="bbox 180 391 934 458">
     <span class='ocr_line' id='line_1_1' title="bbox 180 391 934 458; baseline 0.011 -8"><span class='ocrx_word' id='word_1_1' title='bbox 180 391 221 451; x_wconf 77' lang='lat'><strong>84</strong></span> <span class='ocrx_word' id='word_1_2' title='bbox 441 398 656 458; x_wconf 79' lang='lat' dir='ltr'><strong>llOliATII</strong></span> <span class='ocrx_word' id='word_1_3' title='bbox 687 398 934 458; x_wconf 73' lang='lat' dir='ltr'><strong>EPISTULA</strong></span> 
     </span>
    </p>
   </div>
   <div class='ocr_carea' id='block_1_2' title="bbox 215 592 1154 692">
    <p class='ocr_par' dir='ltr' id='par_1_2' title="bbox 215 592 1154 692">
     <span class='ocr_line' id='line_1_2' title="bbox 215 592 1154 692; baseline 0.007 -28"><span class='ocrx_word' id='word_1_4' title='bbox 215 592 372 690; x_wconf 74' lang='lat' dir='ltr'><strong>Colligit,</strong></span> <span class='ocrx_word' id='word_1_5' title='bbox 398 619 437 668; x_wconf 83' lang='lat' dir='ltr'><strong>eu</strong></span> <span class='ocrx_word' id='word_1_6' title='bbox 458 599 554 692; x_wconf 83' lang='lat' dir='ltr'><strong>ponii</strong></span> <span class='ocrx_word' id='word_1_7' title='bbox 577 606 722 690; x_wconf 78' lang='lat' dir='ltr'><strong>temere,</strong></span> <span class='ocrx_word' id='word_1_8' title='bbox 749 607 784 670; x_wconf 81' lang='lat' dir='ltr'><strong>et</strong></span> <span class='ocrx_word' id='word_1_9' title='bbox 811 607 963 670; x_wconf 77' lang='lat' dir='ltr'><strong>mutatur</strong></span> <span class='ocrx_word' id='word_1_10' title='bbox 987 601 1024 670; x_wconf 91' lang='lat' dir='ltr'><strong>in</strong></span> <span class='ocrx_word' id='word_1_11' title='bbox 1042 599 1154 671; x_wconf 74' lang='lat' dir='ltr'><strong>horae.</strong></span> 
     </span>
    </p>
   </div>
   <div class='ocr_carea' id='block_1_3' title="bbox 169 816 1252 4144">
    <p class='ocr_par' dir='ltr' id='par_1_3' title="bbox 169 816 1252 4144">
     <span class='ocr_line' id='line_1_3' title="bbox 177 816 1212 888; baseline 0.006 -22"><span class='ocrx_word' id='word_1_12' title='bbox 177 816 254 867; x_wconf 75' lang='lat' dir='ltr'><strong>senet.</strong></span> <span class='ocrx_word' id='word_1_13' title='bbox 271 823 381 869; x_wconf 80' lang='lat' dir='ltr'><strong>maturis</strong></span> <span class='ocrx_word' id='word_1_14' title='bbox 398 838 441 887; x_wconf 87' lang='lat' dir='ltr'><strong>pro</strong></span> <span class='ocrx_word' id='word_1_15' title='bbox 455 821 566 868; x_wconf 78' lang='lat' dir='ltr'><strong>mturie.</strong></span> <span class='ocrx_word' id='word_1_16' title='bbox 591 821 675 870; x_wconf 73' lang='lat' dir='ltr'><strong>tielen-</strong></span> <span class='ocrx_word' id='word_1_17' title='bbox 708 840 750 887; x_wconf 88' lang='lat' dir='ltr'><strong>pro</strong></span> <span class='ocrx_word' id='word_1_18' title='bbox 773 823 1003 872; x_wconf 75' lang='lat' dir='ltr'><strong>Nit&#39;tlttsntttnts</strong></span> <span class='ocrx_word' id='word_1_19' title='bbox 1027 826 1121 872; x_wconf 86' lang='lat' dir='ltr'><strong>omnino</strong></span> <span class='ocrx_word' id='word_1_20' title='bbox 1143 840 1212 888; x_wconf 81' lang='lat' dir='ltr'><strong>repo·</strong></span> 
     </span>
     <span class='ocr_line' id='line_1_4' title="bbox 176 902 1211 979; baseline 0.003 -25"><span class='ocrx_word' id='word_1_21' title='bbox 176 902 233 954; x_wconf 85' lang='lat' dir='ltr'><strong>dum</strong></span> <span class='ocrx_word' id='word_1_22' title='bbox 246 921 277 953; x_wconf 88' lang='lat' dir='ltr'><strong>eu</strong></span> <span class='ocrx_word' id='word_1_23' title='bbox 290 909 400 956; x_wconf 70' lang='lat' dir='ltr'><strong>matures</strong></span> <span class='ocrx_word' id='word_1_24' title='bbox 409 904 676 979; x_wconf 24' lang='lat' dir='ltr'><strong>omnem&#39;diiiieultutem</strong></span> <span class='ocrx_word' id='word_1_25' title='bbox 708 908 811 956; x_wconf 86' lang='lat' dir='ltr'><strong>neudum</strong></span> <span class='ocrx_word' id='word_1_26' title='bbox 828 908 931 957; x_wconf 80' lang='lat' dir='ltr'><strong>arbitror</strong></span> <span class='ocrx_word' id='word_1_27' title='bbox 946 908 1211 957; x_wconf 67' lang='lat' dir='ltr'><strong>stttttlstnntttttts</strong></span> 
     </span>
     <span class='ocr_line' id='line_1_5' title="bbox 177 988 1212 1057; baseline 0.003 -18"><span class='ocrx_word' id='word_1_28' title='bbox 177 988 296 1056; x_wconf 77' lang='lat' dir='ltr'><strong>expediet.</strong></span> <span class='ocrx_word' id='word_1_29' title='bbox 331 994 391 1042; x_wconf 77' lang='lat' dir='ltr'><strong>Anni</strong></span> <span class='ocrx_word' id='word_1_30' title='bbox 415 993 528 1054; x_wconf 79' lang='lat' dir='ltr'><strong>moturi,</strong></span> <span class='ocrx_word' id='word_1_31' title='bbox 554 1008 596 1057; x_wconf 90' lang='lat' dir='ltr'><strong>pro</strong></span> <span class='ocrx_word' id='word_1_32' title='bbox 618 995 675 1042; x_wconf 82' lang='lat' dir='ltr'><strong>unni</strong></span> <span class='ocrx_word' id='word_1_33' title='bbox 707 995 810 1042; x_wconf 83' lang='lat' dir='ltr'><strong>Aetatis</strong></span> <span class='ocrx_word' id='word_1_34' title='bbox 827 996 945 1057; x_wconf 79' lang='lat' dir='ltr'><strong>cuiusque</strong></span> <span class='ocrx_word' id='word_1_35' title='bbox 961 996 1067 1042; x_wconf 79' lang='lat' dir='ltr'><strong>notandi</strong></span> <span class='ocrx_word' id='word_1_36' title='bbox 1082 1003 1143 1043; x_wconf 77' lang='lat' dir='ltr'><strong>sunt</strong></span> <span class='ocrx_word' id='word_1_37' title='bbox 1161 997 1212 1042; x_wconf 76' lang='lat' dir='ltr'><strong>titi</strong></span> 
     </span>
     <span class='ocr_line' id='line_1_6' title="bbox 176 1079 1213 1143; baseline 0.004 -19"><span class='ocrx_word' id='word_1_38' title='bbox 176 1083 288 1125; x_wconf 77' lang='lat' dir='ltr'><strong>maturas</strong></span> <span class='ocrx_word' id='word_1_39' title='bbox 303 1080 414 1141; x_wconf 81' lang='lat' dir='ltr'><strong>aetatis,</strong></span> <span class='ocrx_word' id='word_1_40' title='bbox 428 1079 538 1128; x_wconf 80' lang='lat' dir='ltr'><strong>Latinum</strong></span> <span class='ocrx_word' id='word_1_41' title='bbox 553 1086 601 1124; x_wconf 84' lang='lat' dir='ltr'><strong>est:</strong></span> <span class='ocrx_word' id='word_1_42' title='bbox 620 1080 677 1126; x_wconf 80' lang='lat' dir='ltr'><strong>suni</strong></span> <span class='ocrx_word' id='word_1_43' title='bbox 709 1095 800 1141; x_wconf 85' lang='lat' dir='ltr'><strong>mores,</strong></span> <span class='ocrx_word' id='word_1_44' title='bbox 823 1081 1003 1143; x_wconf 79' lang='lat' dir='ltr'><strong>Mobilibuspste</strong></span> <span class='ocrx_word' id='word_1_45' title='bbox 1024 1081 1096 1128; x_wconf 82' lang='lat' dir='ltr'><strong>decor</strong></span> <span class='ocrx_word' id='word_1_46' title='bbox 1116 1081 1213 1128; x_wconf 80' lang='lat' dir='ltr'><strong>studiis</strong></span> 
     </span>
     <span class='ocr_line' id='line_1_7' title="bbox 176 1162 1212 1229; baseline 0.004 -19"><span class='ocrx_word' id='word_1_47' title='bbox 176 1162 291 1226; x_wconf 68' lang='lat' dir='ltr'><strong>metite,</strong></span> <span class='ocrx_word' id='word_1_48' title='bbox 315 1180 357 1229; x_wconf 85' lang='lat' dir='ltr'><strong>pro</strong></span> <span class='ocrx_word' id='word_1_49' title='bbox 376 1165 432 1213; x_wconf 81' lang='lat' dir='ltr'><strong>euni</strong></span> <span class='ocrx_word' id='word_1_50' title='bbox 453 1163 549 1210; x_wconf 81' lang='lat' dir='ltr'><strong>aetatis</strong></span> <span class='ocrx_word' id='word_1_51' title='bbox 565 1165 678 1226; x_wconf 80' lang='lat' dir='ltr'><strong>puerilis</strong></span> <span class='ocrx_word' id='word_1_52' title='bbox 709 1165 832 1212; x_wconf 77' lang='lat' dir='ltr'><strong>midendus</strong></span> <span class='ocrx_word' id='word_1_53' title='bbox 852 1173 879 1212; x_wconf 81' lang='lat' dir='ltr'><strong>et</strong></span> <span class='ocrx_word' id='word_1_54' title='bbox 899 1167 982 1213; x_wconf 80' lang='lat' dir='ltr'><strong>annis.</strong></span> <span class='ocrx_word' id='word_1_55' title='bbox 1010 1165 1112 1214; x_wconf 73' lang='lat' dir='ltr'><strong>Observa</strong></span> <span class='ocrx_word' id='word_1_56' title='bbox 1135 1183 1212 1215; x_wconf 85' lang='lat' dir='ltr'><strong>mores</strong></span> 
     </span>
     <span class='ocr_line' id='line_1_8' title="bbox 177 1247 1214 1316; baseline 0.003 -20"><span class='ocrx_word' id='word_1_57' title='bbox 177 1255 203 1296; x_wconf 87' lang='lat' dir='ltr'><strong>et</strong></span> <span class='ocrx_word' id='word_1_58' title='bbox 218 1248 355 1312; x_wconf 74' lang='lat' dir='ltr'><strong>iuvenilis,</strong></span> <span class='ocrx_word' id='word_1_59' title='bbox 372 1250 392 1299; x_wconf 90' lang='lat' dir='ltr'><strong>si</strong></span> <span class='ocrx_word' id='word_1_60' title='bbox 409 1250 518 1298; x_wconf 86' lang='lat' dir='ltr'><strong>Letinum</strong></span> <span class='ocrx_word' id='word_1_61' title='bbox 534 1247 582 1309; x_wconf 88' lang='lat' dir='ltr'><strong>sit,</strong></span> <span class='ocrx_word' id='word_1_62' title='bbox 600 1257 680 1298; x_wconf 84' lang='lat' dir='ltr'><strong>temen</strong></span> <span class='ocrx_word' id='word_1_63' title='bbox 713 1251 826 1316; x_wconf 83' lang='lat' dir='ltr'><strong>cuiusque</strong></span> <span class='ocrx_word' id='word_1_64' title='bbox 843 1252 941 1313; x_wconf 76' lang='lat' dir='ltr'><strong>aetatis,</strong></span> <span class='ocrx_word' id='word_1_65' title='bbox 964 1249 1023 1298; x_wconf 86' lang='lat' dir='ltr'><strong>udde</strong></span> <span class='ocrx_word' id='word_1_66' title='bbox 1038 1250 1146 1299; x_wconf 82' lang='lat' dir='ltr'><strong>decorem</strong></span> <span class='ocrx_word' id='word_1_67' title='bbox 1162 1261 1214 1299; x_wconf 87' lang='lat' dir='ltr'><strong>stu·</strong></span> 
     </span>
     <span class='ocr_line' id='line_1_9' title="bbox 176 1330 1212 1402; baseline 0.002 -19"><span class='ocrx_word' id='word_1_68' title='bbox 176 1330 313 1399; x_wconf 64' lang='lat' dir='ltr'><strong>ambiguum</strong></span> <span class='ocrx_word' id='word_1_69' title='bbox 328 1344 371 1384; x_wconf 84' lang='lat' dir='ltr'><strong>est.</strong></span> <span class='ocrx_word' id='word_1_70' title='bbox 390 1335 446 1384; x_wconf 79' lang='lat' dir='ltr'><strong>ilem</strong></span> <span class='ocrx_word' id='word_1_71' title='bbox 459 1344 482 1383; x_wconf 86' lang='lat' dir='ltr'><strong>et</strong></span> <span class='ocrx_word' id='word_1_72' title='bbox 496 1342 551 1382; x_wconf 87' lang='lat' dir='ltr'><strong>sunt</strong></span> <span class='ocrx_word' id='word_1_73' title='bbox 565 1331 677 1397; x_wconf 86' lang='lat' dir='ltr'><strong>mobiles,</strong></span> <span class='ocrx_word' id='word_1_74' title='bbox 711 1334 769 1397; x_wconf 86' lang='lat' dir='ltr'><strong>diis,</strong></span> <span class='ocrx_word' id='word_1_75' title='bbox 784 1351 906 1400; x_wconf 81' lang='lat' dir='ltr'><strong>quaecum</strong></span> <span class='ocrx_word' id='word_1_76' title='bbox 915 1339 1127 1384; x_wconf 73' lang='lat' dir='ltr'><strong>unnmmutantur:</strong></span> <span class='ocrx_word' id='word_1_77' title='bbox 1141 1339 1212 1402; x_wconf 88' lang='lat' dir='ltr'><strong>pueri</strong></span> 
     </span>
     <span class='ocr_line' id='line_1_10' title="bbox 175 1420 1213 1488; baseline 0.002 -18"><span class='ocrx_word' id='word_1_78' title='bbox 175 1435 294 1488; x_wconf 75' lang='lat' dir='ltr'><strong>nunquam</strong></span> <span class='ocrx_word' id='word_1_79' title='bbox 316 1430 417 1485; x_wconf 83' lang='lat' dir='ltr'><strong>etentes,</strong></span> <span class='ocrx_word' id='word_1_80' title='bbox 440 1436 532 1486; x_wconf 87' lang='lat' dir='ltr'><strong>semper</strong></span> <span class='ocrx_word' id='word_1_81' title='bbox 553 1428 637 1468; x_wconf 85' lang='lat' dir='ltr'><strong>euntes</strong></span> <span class='ocrx_word' id='word_1_82' title='bbox 654 1430 679 1469; x_wconf 88' lang='lat' dir='ltr'><strong>et</strong></span> <span class='ocrx_word' id='word_1_83' title='bbox 712 1422 773 1469; x_wconf 90' lang='lat' dir='ltr'><strong>enim</strong></span> <span class='ocrx_word' id='word_1_84' title='bbox 792 1420 854 1482; x_wconf 88' lang='lat' dir='ltr'><strong>hoc,</strong></span> <span class='ocrx_word' id='word_1_85' title='bbox 877 1420 1037 1470; x_wconf 79' lang='lat' dir='ltr'><strong>adolescentes</strong></span> <span class='ocrx_word' id='word_1_86' title='bbox 1057 1421 1137 1485; x_wconf 90' lang='lat' dir='ltr'><strong>illud,</strong></span> <span class='ocrx_word' id='word_1_87' title='bbox 1165 1424 1213 1472; x_wconf 84' lang='lat' dir='ltr'><strong>viri</strong></span> 
     </span>
     <span class='ocr_line' id='line_1_11' title="bbox 175 1503 1209 1574; baseline 0 -17"><span class='ocrx_word' id='word_1_88' title='bbox 175 1507 223 1557; x_wconf 86' lang='lat' dir='ltr'><strong>tito</strong></span> <span class='ocrx_word' id='word_1_89' title='bbox 237 1505 296 1574; x_wconf 87' lang='lat' dir='ltr'><strong>pede</strong></span> <span class='ocrx_word' id='word_1_90' title='bbox 311 1507 429 1557; x_wconf 77' lang='lat' dir='ltr'><strong>lubentes:</strong></span> <span class='ocrx_word' id='word_1_91' title='bbox 445 1505 508 1574; x_wconf 89' lang='lat' dir='ltr'><strong>quod</strong></span> <span class='ocrx_word' id='word_1_92' title='bbox 521 1503 550 1554; x_wconf 88' lang='lat' dir='ltr'><strong>de</strong></span> <span class='ocrx_word' id='word_1_93' title='bbox 561 1505 676 1555; x_wconf 83' lang='lat' dir='ltr'><strong>&#39;omuibus</strong></span> <span class='ocrx_word' id='word_1_94' title='bbox 709 1506 770 1569; x_wconf 82' lang='lat' dir='ltr'><strong>alie,</strong></span> <span class='ocrx_word' id='word_1_95' title='bbox 781 1507 828 1568; x_wconf 72' lang='lat' dir='ltr'><strong>alia</strong></span> <span class='ocrx_word' id='word_1_96' title='bbox 835 1524 903 1555; x_wconf 89' lang='lat' dir='ltr'><strong>senes</strong></span> <span class='ocrx_word' id='word_1_97' title='bbox 912 1508 990 1556; x_wconf 81' lang='lat' dir='ltr'><strong>faeere</strong></span> <span class='ocrx_word' id='word_1_98' title='bbox 999 1507 1105 1574; x_wconf 78' lang='lat' dir='ltr'>quotidie</span> <span class='ocrx_word' id='word_1_99' title='bbox 1114 1519 1209 1566; x_wconf 67' lang='lat' dir='ltr'><strong>umantc</strong></span> 
     </span>
     <span class='ocr_line' id='line_1_12' title="bbox 173 1581 1208 1657; baseline -0.001 -13"><span class='ocrx_word' id='word_1_100' title='bbox 173 1594 241 1644; x_wconf 76' lang='lat' dir='ltr'><strong>tuttit</strong></span> <span class='ocrx_word' id='word_1_101' title='bbox 251 1595 427 1657; x_wconf 81' lang='lat' dir='ltr'><strong>uttiverse,non</strong></span> <span class='ocrx_word' id='word_1_102' title='bbox 439 1591 468 1642; x_wconf 88' lang='lat' dir='ltr'><strong>de</strong></span> <span class='ocrx_word' id='word_1_103' title='bbox 478 1581 594 1657; x_wconf 77' lang='lat' dir='ltr'><strong>singulari</strong></span> <span class='ocrx_word' id='word_1_104' title='bbox 606 1601 674 1657; x_wconf 84' lang='lat' dir='ltr'><strong>perte</strong></span> <span class='ocrx_word' id='word_1_105' title='bbox 708 1592 756 1640; x_wconf 76' lang='lat' dir='ltr'><strong>alie</strong></span> <span class='ocrx_word' id='word_1_106' title='bbox 777 1601 842 1640; x_wconf 78' lang='lat' dir='ltr'><strong>estas</strong></span> <span class='ocrx_word' id='word_1_107' title='bbox 862 1593 921 1641; x_wconf 81' lang='lat' dir='ltr'><strong>tlios</strong></span> <span class='ocrx_word' id='word_1_108' title='bbox 941 1592 1016 1642; x_wconf 80' lang='lat' dir='ltr'><strong>habet</strong></span> <span class='ocrx_word' id='word_1_109' title='bbox 1034 1609 1119 1643; x_wconf 80' lang='lat' dir='ltr'><strong>mores.</strong></span> <span class='ocrx_word' id='word_1_110' title='bbox 1144 1595 1208 1644; x_wconf 76' lang='lat' dir='ltr'><strong>Haec</strong></span> 
     </span>
     <span class='ocr_line' id='line_1_13' title="bbox 174 1674 1205 1746; baseline 0.001 -17"><span class='ocrx_word' id='word_1_111' title='bbox 174 1674 271 1729; x_wconf 79' lang='lat' dir='ltr'><strong>dicitur.</strong></span> <span class='ocrx_word' id='word_1_112' title='bbox 288 1679 313 1729; x_wconf 89' lang='lat' dir='ltr'><strong>Si</strong></span> <span class='ocrx_word' id='word_1_113' title='bbox 327 1678 396 1729; x_wconf 85' lang='lat' dir='ltr'><strong>bomo</strong></span> <span class='ocrx_word' id='word_1_114' title='bbox 409 1680 509 1728; x_wconf 82' lang='lat' dir='ltr'><strong>mobilis</strong></span> <span class='ocrx_word' id='word_1_115' title='bbox 522 1687 545 1726; x_wconf 86' lang='lat' dir='ltr'><strong>et</strong></span> <span class='ocrx_word' id='word_1_116' title='bbox 559 1686 674 1727; x_wconf 78' lang='lat' dir='ltr'><strong>constans</strong></span> <span class='ocrx_word' id='word_1_117' title='bbox 705 1678 869 1733; x_wconf 74' lang='lat' dir='ltr'><strong>suntetudia.</strong></span> <span class='ocrx_word' id='word_1_118' title='bbox 885 1678 964 1727; x_wconf 86' lang='lat' dir='ltr'><strong>Cicero</strong></span> <span class='ocrx_word' id='word_1_119' title='bbox 975 1679 1003 1727; x_wconf 90' lang='lat' dir='ltr'><strong>de</strong></span> <span class='ocrx_word' id='word_1_120' title='bbox 1012 1680 1139 1728; x_wconf 83' lang='lat' dir='ltr'>Senectute</span> <span class='ocrx_word' id='word_1_121' title='bbox 1149 1696 1205 1746; x_wconf 70' lang='lat' dir='ltr'><strong>cup.</strong></span> 
     </span>
     <span class='ocr_line' id='line_1_14' title="bbox 176 1764 1211 1834; baseline 0 -19"><span class='ocrx_word' id='word_1_122' title='bbox 176 1775 241 1815; x_wconf 77' lang='lat' dir='ltr'><strong>recte</strong></span> <span class='ocrx_word' id='word_1_123' title='bbox 255 1776 420 1834; x_wconf 84' lang='lat' dir='ltr'><strong>opponuntur,</strong></span> <span class='ocrx_word' id='word_1_124' title='bbox 435 1764 488 1816; x_wconf 85' lang='lat' dir='ltr'><strong>idco</strong></span> <span class='ocrx_word' id='word_1_125' title='bbox 500 1781 545 1814; x_wconf 87' lang='lat' dir='ltr'><strong>non</strong></span> <span class='ocrx_word' id='word_1_126' title='bbox 556 1774 621 1812; x_wconf 84' lang='lat' dir='ltr'><strong>recte</strong></span> <span class='ocrx_word' id='word_1_127' title='bbox 635 1781 676 1830; x_wconf 91' lang='lat' dir='ltr'><strong>op·</strong></span> <span class='ocrx_word' id='word_1_128' title='bbox 708 1767 748 1813; x_wconf 78' lang='lat'><strong>20.</strong></span> <span class='ocrx_word' id='word_1_129' title='bbox 777 1766 851 1830; x_wconf 41' lang='lat' dir='ltr'><strong>Sunt·</strong></span> <span class='ocrx_word' id='word_1_130' title='bbox 862 1772 888 1811; x_wconf 86' lang='lat' dir='ltr'><strong>ct</strong></span> <span class='ocrx_word' id='word_1_131' title='bbox 903 1766 1017 1814; x_wconf 64' lang='lat' dir='ltr'><strong>{timetis</strong></span> <span class='ocrx_word' id='word_1_132' title='bbox 1033 1767 1211 1815; x_wconf 79' lang='lat' dir='ltr'><strong>adolescentiae</strong></span> 
     </span>
     <span class='ocr_line' id='line_1_15' title="bbox 175 1850 1210 1919; baseline -0.001 -18"><span class='ocrx_word' id='word_1_133' title='bbox 175 1862 296 1919; x_wconf 83' lang='lat' dir='ltr'><strong>ponuntur</strong></span> <span class='ocrx_word' id='word_1_134' title='bbox 310 1854 367 1903; x_wconf 84' lang='lat' dir='ltr'><strong>uttui</strong></span> <span class='ocrx_word' id='word_1_135' title='bbox 383 1854 484 1900; x_wconf 76' lang='lat' dir='ltr'><strong>erudiise</strong></span> <span class='ocrx_word' id='word_1_136' title='bbox 498 1861 521 1899; x_wconf 87' lang='lat' dir='ltr'><strong>et</strong></span> <span class='ocrx_word' id='word_1_137' title='bbox 537 1857 679 1899; x_wconf 69' lang='lat' dir='ltr'><strong>osculantes</strong></span> <span class='ocrx_word' id='word_1_138' title='bbox 711 1850 811 1908; x_wconf 55' lang='lat' dir='ltr'><strong>studim</strong></span> <span class='ocrx_word' id='word_1_139' title='bbox 825 1866 884 1897; x_wconf 81' lang='lat' dir='ltr'><strong>num</strong></span> <span class='ocrx_word' id='word_1_140' title='bbox 897 1866 925 1897; x_wconf 87' lang='lat' dir='ltr'><strong>ea</strong></span> <span class='ocrx_word' id='word_1_141' title='bbox 934 1853 1051 1899; x_wconf 67' lang='lat' dir='ltr'><strong>constane</strong></span> <span class='ocrx_word' id='word_1_142' title='bbox 1063 1854 1116 1900; x_wconf 81' lang='lat' dir='ltr'><strong>iam</strong></span> <span class='ocrx_word' id='word_1_143' title='bbox 1128 1855 1210 1916; x_wconf 79' lang='lat' dir='ltr'><strong>repui-</strong></span> 
     </span>
     <span class='ocr_line' id='line_1_16' title="bbox 175 1935 1211 1998; baseline -0.005 -7"><span class='ocrx_word' id='word_1_144' title='bbox 175 1939 223 1991; x_wconf 79' lang='lat' dir='ltr'><strong>tlve</strong></span> <span class='ocrx_word' id='word_1_145' title='bbox 246 1940 349 1988; x_wconf 72' lang='lat' dir='ltr'><strong>moturi.</strong></span> <span class='ocrx_word' id='word_1_146' title='bbox 375 1940 480 1989; x_wconf 77' lang='lat' dir='ltr'><strong>Mobilis</strong></span> <span class='ocrx_word' id='word_1_147' title='bbox 495 1944 567 1985; x_wconf 82' lang='lat' dir='ltr'><strong>aetas</strong></span> <span class='ocrx_word' id='word_1_148' title='bbox 587 1935 674 1983; x_wconf 87' lang='lat' dir='ltr'><strong>vitulo·</strong></span> <span class='ocrx_word' id='word_1_149' title='bbox 707 1937 745 1983; x_wconf 79' lang='lat' dir='ltr'><strong>rit</strong></span> <span class='ocrx_word' id='word_1_150' title='bbox 758 1942 841 1997; x_wconf 81' lang='lat' dir='ltr'><strong>aetas,</strong></span> <span class='ocrx_word' id='word_1_151' title='bbox 850 1951 910 1998; x_wconf 79' lang='lat' dir='ltr'><strong>quae</strong></span> <span class='ocrx_word' id='word_1_152' title='bbox 923 1938 1005 1984; x_wconf 81' lang='lat' dir='ltr'><strong>media</strong></span> <span class='ocrx_word' id='word_1_153' title='bbox 1017 1936 1136 1986; x_wconf 79' lang='lat' dir='ltr'><strong>dicitur?</strong></span> <span class='ocrx_word' id='word_1_154' title='bbox 1145 1940 1211 1986; x_wconf 79' lang='lat' dir='ltr'><strong>Sunt</strong></span> 
     </span>
     <span class='ocr_line' id='line_1_17' title="bbox 174 2020 1210 2092; baseline -0.001 -19"><span class='ocrx_word' id='word_1_155' title='bbox 174 2039 226 2073; x_wconf 82' lang='lat' dir='ltr'><strong>tum</strong></span> <span class='ocrx_word' id='word_1_156' title='bbox 243 2023 307 2092; x_wconf 80' lang='lat' dir='ltr'><strong>upuel</strong></span> <span class='ocrx_word' id='word_1_157' title='bbox 325 2025 447 2091; x_wconf 77' lang='lat' dir='ltr'><strong>Virgilium</strong></span> <span class='ocrx_word' id='word_1_158' title='bbox 465 2033 500 2073; x_wconf 86' lang='lat' dir='ltr'><strong>cst</strong></span> <span class='ocrx_word' id='word_1_159' title='bbox 518 2020 598 2070; x_wconf 79' lang='lat' dir='ltr'><strong>eedem</strong></span> <span class='ocrx_word' id='word_1_160' title='bbox 616 2037 677 2087; x_wconf 83' lang='lat' dir='ltr'><strong>ques</strong></span> <span class='ocrx_word' id='word_1_161' title='bbox 710 2022 786 2069; x_wconf 79' lang='lat' dir='ltr'><strong>etiam</strong></span> <span class='ocrx_word' id='word_1_162' title='bbox 803 2023 877 2070; x_wconf 81' lang='lat' dir='ltr'><strong>leuius</strong></span> <span class='ocrx_word' id='word_1_163' title='bbox 893 2025 1002 2072; x_wconf 83' lang='lat' dir='ltr'><strong>aetatis:</strong></span> <span class='ocrx_word' id='word_1_164' title='bbox 1023 2040 1054 2072; x_wconf 81' lang='lat' dir='ltr'><strong>ne</strong></span> <span class='ocrx_word' id='word_1_165' title='bbox 1067 2040 1096 2072; x_wconf 83' lang='lat' dir='ltr'><strong>ea</strong></span> <span class='ocrx_word' id='word_1_166' title='bbox 1112 2026 1210 2086; x_wconf 78' lang='lat' dir='ltr'><strong>quidem</strong></span> 
     </span>
     <span class='ocr_line' id='line_1_18' title="bbox 173 2109 1210 2175; baseline -0.002 -15"><span class='ocrx_word' id='word_1_167' title='bbox 173 2111 269 2174; x_wconf 77' lang='lat' dir='ltr'><strong>metite,</strong></span> <span class='ocrx_word' id='word_1_168' title='bbox 296 2109 351 2160; x_wconf 74' lang='lat' dir='ltr'><strong>&lt;lum</strong></span> <span class='ocrx_word' id='word_1_169' title='bbox 374 2109 446 2160; x_wconf 81' lang='lat' dir='ltr'><strong>tituli</strong></span> <span class='ocrx_word' id='word_1_170' title='bbox 471 2116 568 2175; x_wconf 87' lang='lat' dir='ltr'><strong>possunt</strong></span> <span class='ocrx_word' id='word_1_171' title='bbox 586 2109 675 2172; x_wconf 73' lang='lat' dir='ltr'><strong>flecti,</strong></span> <span class='ocrx_word' id='word_1_172' title='bbox 709 2115 860 2172; x_wconf 72' lang='lat' dir='ltr'><strong>preberentur</strong></span> <span class='ocrx_word' id='word_1_173' title='bbox 883 2125 899 2155; x_wconf 86' lang='lat' dir='ltr'><strong><em>a</em></strong></span> <span class='ocrx_word' id='word_1_174' title='bbox 923 2117 1055 2159; x_wconf 75' lang='lat' dir='ltr'><strong>senectute.</strong></span> <span class='ocrx_word' id='word_1_175' title='bbox 1093 2110 1159 2158; x_wconf 85' lang='lat' dir='ltr'>Idem</span> <span class='ocrx_word' id='word_1_176' title='bbox 1180 2109 1210 2158; x_wconf 88' lang='lat' dir='ltr'><strong>de</strong></span> 
     </span>
     <span class='ocr_line' id='line_1_19' title="bbox 173 2185 1210 2260; baseline -0.001 -15"><span class='ocrx_word' id='word_1_177' title='bbox 173 2193 235 2247; x_wconf 83' lang='lat' dir='ltr'><strong>eolls</strong></span> <span class='ocrx_word' id='word_1_178' title='bbox 251 2194 340 2246; x_wconf 82' lang='lat' dir='ltr'><strong>ltubcttt</strong></span> <span class='ocrx_word' id='word_1_179' title='bbox 354 2197 452 2257; x_wconf 82' lang='lat' dir='ltr'><strong>mollia,</strong></span> <span class='ocrx_word' id='word_1_180' title='bbox 466 2195 575 2244; x_wconf 78' lang='lat' dir='ltr'><strong>mobilia.</strong></span> <span class='ocrx_word' id='word_1_181' title='bbox 596 2193 672 2260; x_wconf 70' lang='lat' dir='ltr'><strong>Atque</strong></span> <span class='ocrx_word' id='word_1_182' title='bbox 705 2193 814 2243; x_wconf 70' lang='lat' dir='ltr'><strong>Amicitia</strong></span> <span class='ocrx_word' id='word_1_183' title='bbox 831 2185 870 2243; x_wconf 82' lang='lat' dir='ltr'><strong>it.</strong></span> <span class='ocrx_word' id='word_1_184' title='bbox 903 2197 1005 2244; x_wconf 78' lang='lat' dir='ltr'><strong>Mutari</strong></span> <span class='ocrx_word' id='word_1_185' title='bbox 1031 2199 1109 2244; x_wconf 79' lang='lat' dir='ltr'><strong>etiam</strong></span> <span class='ocrx_word' id='word_1_186' title='bbox 1131 2212 1210 2244; x_wconf 86' lang='lat' dir='ltr'><strong>mores</strong></span> 
     </span>
     <span class='ocr_line' id='line_1_20' title="bbox 172 2279 1211 2345; baseline -0.002 -13"><span class='ocrx_word' id='word_1_187' title='bbox 172 2283 208 2333; x_wconf 84' lang='lat' dir='ltr'><strong>lle</strong></span> <span class='ocrx_word' id='word_1_188' title='bbox 230 2283 330 2331; x_wconf 80' lang='lat' dir='ltr'><strong>mobiles</strong></span> <span class='ocrx_word' id='word_1_189' title='bbox 346 2282 409 2329; x_wconf 81' lang='lat' dir='ltr'><strong>aeni</strong></span> <span class='ocrx_word' id='word_1_190' title='bbox 429 2279 467 2329; x_wconf 87' lang='lat' dir='ltr'><strong>vol</strong></span> <span class='ocrx_word' id='word_1_191' title='bbox 489 2281 588 2328; x_wconf 80' lang='lat' dir='ltr'><strong>mobilis</strong></span> <span class='ocrx_word' id='word_1_192' title='bbox 604 2288 675 2328; x_wconf 83' lang='lat' dir='ltr'><strong>aetas</strong></span> <span class='ocrx_word' id='word_1_193' title='bbox 708 2281 831 2328; x_wconf 70' lang='lat' dir='ltr'><strong>beluinum</strong></span> <span class='ocrx_word' id='word_1_194' title='bbox 844 2296 915 2345; x_wconf 82' lang='lat' dir='ltr'><strong>saepe</strong></span> <span class='ocrx_word' id='word_1_195' title='bbox 927 2283 1035 2344; x_wconf 81' lang='lat' dir='ltr'><strong>dicebat,</strong></span> <span class='ocrx_word' id='word_1_196' title='bbox 1046 2285 1114 2330; x_wconf 82' lang='lat' dir='ltr'><strong>alios</strong></span> <span class='ocrx_word' id='word_1_197' title='bbox 1126 2284 1211 2331; x_wconf 48' lang='lat' dir='ltr'><strong>moes*</strong></span> 
     </span>
     <span class='ocr_line' id='line_1_21' title="bbox 173 2365 1211 2435; baseline -0.002 -17"><span class='ocrx_word' id='word_1_198' title='bbox 173 2383 300 2435; x_wconf 79' lang='lat' dir='ltr'><strong>puerorum</strong></span> <span class='ocrx_word' id='word_1_199' title='bbox 318 2376 343 2416; x_wconf 88' lang='lat' dir='ltr'><strong>et</strong></span> <span class='ocrx_word' id='word_1_200' title='bbox 359 2365 544 2415; x_wconf 75' lang='lat' dir='ltr'><strong>adolescentium</strong></span> <span class='ocrx_word' id='word_1_201' title='bbox 562 2375 622 2413; x_wconf 86' lang='lat' dir='ltr'><strong>esset</strong></span> <span class='ocrx_word' id='word_1_202' title='bbox 638 2366 675 2413; x_wconf 90' lang='lat' dir='ltr'><strong>iu·</strong></span> <span class='ocrx_word' id='word_1_203' title='bbox 706 2367 745 2414; x_wconf 85' lang='lat' dir='ltr'><strong>se&#39;s</strong></span> <span class='ocrx_word' id='word_1_204' title='bbox 758 2366 842 2426; x_wconf 82' lang='lat' dir='ltr'><strong>rebus,</strong></span> <span class='ocrx_word' id='word_1_205' title='bbox 860 2367 926 2413; x_wconf 83' lang='lat' dir='ltr'><strong>alios</strong></span> <span class='ocrx_word' id='word_1_206' title='bbox 941 2374 1025 2414; x_wconf 80' lang='lat' dir='ltr'><strong>aetate</strong></span> <span class='ocrx_word' id='word_1_207' title='bbox 1038 2370 1211 2432; x_wconf 78' lang='lat' dir='ltr'><strong>ingravescen-</strong></span> 
     </span>
     <span class='ocr_line' id='line_1_22' title="bbox 175 2428 1210 2519; baseline 0 -17"><span class='ocrx_word' id='word_1_208' title='bbox 175 2448 336 2519; x_wconf 79' lang='lat' dir='ltr'><strong>tetpseteudu.</strong></span> <span class='ocrx_word' id='word_1_209' title='bbox 354 2448 398 2497; x_wconf 86' lang='lat' dir='ltr'><strong>Sed</strong></span> <span class='ocrx_word' id='word_1_210' title='bbox 412 2449 456 2497; x_wconf 82' lang='lat' dir='ltr'><strong>ltoc</strong></span> <span class='ocrx_word' id='word_1_211' title='bbox 473 2446 522 2499; x_wconf 90' lang='lat' dir='ltr'><strong>dici</strong></span> <span class='ocrx_word' id='word_1_212' title='bbox 536 2459 629 2515; x_wconf 81' lang='lat' dir='ltr'><strong>poteret</strong></span> <span class='ocrx_word' id='word_1_213' title='bbox 647 2449 676 2498; x_wconf 88' lang='lat' dir='ltr'><strong>de</strong></span> <span class='ocrx_word' id='word_1_214' title='bbox 710 2458 742 2499; x_wconf 86' lang='lat' dir='ltr'><strong>te.</strong></span> <span class='ocrx_word' id='word_1_215' title='bbox 768 2450 849 2512; x_wconf 81' lang='lat' dir='ltr'><em>Atque</em></span> <span class='ocrx_word' id='word_1_216' title='bbox 870 2465 953 2497; x_wconf 82' lang='lat' dir='ltr'><strong>earum</strong></span> <span class='ocrx_word' id='word_1_217' title='bbox 974 2466 1057 2498; x_wconf 81' lang='lat' dir='ltr'><strong>rerum</strong></span> <span class='ocrx_word' id='word_1_218' title='bbox 1075 2428 1210 2516; x_wconf 65' lang='lat' dir='ltr'><strong>complebt</strong></span> 
     </span>
     <span class='ocr_line' id='line_1_23' title="bbox 171 2532 1211 2605; baseline 0.001 -18"><span class='ocrx_word' id='word_1_219' title='bbox 171 2538 268 2605; x_wconf 82' lang='lat' dir='ltr'><strong>peteris,</strong></span> <span class='ocrx_word' id='word_1_220' title='bbox 278 2552 324 2585; x_wconf 86' lang='lat' dir='ltr'><strong>nou</strong></span> <span class='ocrx_word' id='word_1_221' title='bbox 334 2532 362 2583; x_wconf 88' lang='lat' dir='ltr'><strong>de</strong></span> <span class='ocrx_word' id='word_1_222' title='bbox 371 2534 675 2601; x_wconf 74' lang='lat' dir='ltr'><strong>‹odolescentibes,quisint</strong></span> <span class='ocrx_word' id='word_1_223' title='bbox 708 2552 739 2585; x_wconf 76' lang='lat' dir='ltr'><strong>es</strong></span> <span class='ocrx_word' id='word_1_224' title='bbox 761 2536 931 2583; x_wconf 79' lang='lat' dir='ltr'><strong>similitudine</strong></span> <span class='ocrx_word' id='word_1_225' title='bbox 960 2539 1073 2599; x_wconf 80' lang='lat' dir='ltr'><strong>cupiebat</strong></span> <span class='ocrx_word' id='word_1_226' title='bbox 1096 2541 1211 2588; x_wconf 78' lang='lat' dir='ltr'><strong>ineuntis</strong></span> 
     </span>
     <span class='ocr_line' id='line_1_24' title="bbox 174 2620 1252 2686; baseline 0.002 -14"><span class='ocrx_word' id='word_1_227' title='bbox 174 2620 289 2673; x_wconf 86' lang='lat' dir='ltr'><strong>sublimes</strong></span> <span class='ocrx_word' id='word_1_228' title='bbox 298 2629 322 2669; x_wconf 89' lang='lat' dir='ltr'><strong>et</strong></span> <span class='ocrx_word' id='word_1_229' title='bbox 331 2621 415 2685; x_wconf 72' lang='lat' dir='ltr'><strong>espiert&#39;</strong></span> <span class='ocrx_word' id='word_1_230' title='bbox 423 2621 586 2670; x_wconf 79' lang='lat' dir='ltr'><strong>monitoribus</strong></span> <span class='ocrx_word' id='word_1_231' title='bbox 595 2640 604 2671; x_wconf 81' lang='lat'><strong>.·</strong></span> <span class='ocrx_word' id='word_1_232' title='bbox 612 2620 680 2670; x_wconf 83' lang='lat' dir='ltr'><strong>odeo·</strong></span> <span class='ocrx_word' id='word_1_233' title='bbox 712 2622 817 2684; x_wconf 78' lang='lat' dir='ltr'><strong>aetatis,</strong></span> <span class='ocrx_word' id='word_1_234' title='bbox 831 2621 893 2684; x_wconf 77' lang='lat' dir='ltr'><strong>quod</strong></span> <span class='ocrx_word' id='word_1_235' title='bbox 904 2623 995 2669; x_wconf 78' lang='lat' dir='ltr'><strong>summi</strong></span> <span class='ocrx_word' id='word_1_236' title='bbox 1001 2639 1136 2686; x_wconf 78' lang='lat' dir='ltr'><strong>puerorum</strong></span> <span class='ocrx_word' id='word_1_237' title='bbox 1146 2641 1211 2674; x_wconf 69' lang='lat' dir='ltr'><strong>amo</strong></span> <span class='ocrx_word' id='word_1_238' title='bbox 1248 2644 1252 2653; x_wconf 61' lang='lat'><em>⁷</em></span> 
     </span>
     <span class='ocr_line' id='line_1_25' title="bbox 174 2704 1211 2777; baseline 0.003 -21"><span class='ocrx_word' id='word_1_239' title='bbox 174 2722 221 2777; x_wconf 80' lang='lat' dir='ltr'><strong>que</strong></span> <span class='ocrx_word' id='word_1_240' title='bbox 231 2704 678 2767; x_wconf 78' lang='lat' dir='ltr'><strong>nottmole&#39;lee,sedienenobe&#39;lee.limen-</strong></span> <span class='ocrx_word' id='word_1_241' title='bbox 709 2722 751 2755; x_wconf 86' lang='lat' dir='ltr'><strong>ree</strong></span> <span class='ocrx_word' id='word_1_242' title='bbox 767 2721 837 2771; x_wconf 85' lang='lat' dir='ltr'><strong>saepe</strong></span> <span class='ocrx_word' id='word_1_243' title='bbox 854 2723 902 2754; x_wconf 78' lang='lat' dir='ltr'><strong>see</strong></span> <span class='ocrx_word' id='word_1_244' title='bbox 918 2723 972 2754; x_wconf 80' lang='lat' dir='ltr'><strong>cum</strong></span> <span class='ocrx_word' id='word_1_245' title='bbox 987 2717 1121 2772; x_wconf 74' lang='lat' dir='ltr'><strong>praetecta</strong></span> <span class='ocrx_word' id='word_1_246' title='bbox 1135 2727 1211 2775; x_wconf 83' lang='lat' dir='ltr'><strong>pone-</strong></span> 
     </span>
     <span class='ocr_line' id='line_1_26' title="bbox 174 2791 1210 2859; baseline -0.001 -14"><span class='ocrx_word' id='word_1_247' title='bbox 174 2791 264 2845; x_wconf 63' lang='lat' dir='ltr'><strong>&amp;utoni</strong></span> <span class='ocrx_word' id='word_1_248' title='bbox 270 2801 349 2843; x_wconf 83' lang='lat' dir='ltr'><strong>sutem</strong></span> <span class='ocrx_word' id='word_1_249' title='bbox 356 2791 507 2842; x_wconf 82' lang='lat' dir='ltr'><strong>bentleienee</strong></span> <span class='ocrx_word' id='word_1_250' title='bbox 516 2791 560 2842; x_wconf 87' lang='lat' dir='ltr'><strong>hoc</strong></span> <span class='ocrx_word' id='word_1_251' title='bbox 568 2795 676 2859; x_wconf 88' lang='lat' dir='ltr'><strong>inprimis</strong></span> <span class='ocrx_word' id='word_1_252' title='bbox 708 2799 803 2842; x_wconf 76' lang='lat' dir='ltr'><strong>rentur.</strong></span> <span class='ocrx_word' id='word_1_253' title='bbox 820 2792 894 2841; x_wconf 83' lang='lat' dir='ltr'>Recte</span> <span class='ocrx_word' id='word_1_254' title='bbox 910 2792 988 2842; x_wconf 82' lang='lat' dir='ltr'><strong>Cicero</strong></span> <span class='ocrx_word' id='word_1_255' title='bbox 1002 2811 1093 2859; x_wconf 83' lang='lat' dir='ltr'><strong>morse,</strong></span> <span class='ocrx_word' id='word_1_256' title='bbox 1107 2814 1154 2845; x_wconf 87' lang='lat' dir='ltr'><strong>non</strong></span> <span class='ocrx_word' id='word_1_257' title='bbox 1166 2813 1210 2844; x_wconf 78' lang='lat' dir='ltr'><strong>ne·</strong></span> 
     </span>
     <span class='ocr_line' id='line_1_27' title="bbox 174 2877 1210 2946; baseline 0 -15"><span class='ocrx_word' id='word_1_258' title='bbox 174 2877 260 2931; x_wconf 84' lang='lat' dir='ltr'><strong>ebstet.</strong></span> <span class='ocrx_word' id='word_1_259' title='bbox 270 2877 384 2941; x_wconf 84' lang='lat' dir='ltr'><strong>Observe,</strong></span> <span class='ocrx_word' id='word_1_260' title='bbox 395 2879 543 2945; x_wconf 73' lang='lat' dir='ltr'><strong>praeciperet</strong></span> <span class='ocrx_word' id='word_1_261' title='bbox 552 2879 674 2941; x_wconf 73' lang='lat' dir='ltr'><strong>fluentius,</strong></span> <span class='ocrx_word' id='word_1_262' title='bbox 710 2886 788 2929; x_wconf 81' lang='lat' dir='ltr'><strong>tetrae.</strong></span> <span class='ocrx_word' id='word_1_263' title='bbox 803 2879 913 2928; x_wconf 72' lang='lat' dir='ltr'><strong>Horatius</strong></span> <span class='ocrx_word' id='word_1_264' title='bbox 927 2896 981 2928; x_wconf 85' lang='lat' dir='ltr'><strong>mox</strong></span> <span class='ocrx_word' id='word_1_265' title='bbox 995 2882 1102 2946; x_wconf 76' lang='lat' dir='ltr'><strong>appellet</strong></span> <span class='ocrx_word' id='word_1_266' title='bbox 1113 2899 1210 2931; x_wconf 82' lang='lat' dir='ltr'><strong>conver-</strong></span> 
     </span>
     <span class='ocr_line' id='line_1_28' title="bbox 173 2963 1208 3034; baseline 0 -17"><span class='ocrx_word' id='word_1_267' title='bbox 173 2981 250 3017; x_wconf 81' lang='lat' dir='ltr'><strong>motes</strong></span> <span class='ocrx_word' id='word_1_268' title='bbox 268 2975 370 3032; x_wconf 79' lang='lat' dir='ltr'><strong>quotuor</strong></span> <span class='ocrx_word' id='word_1_269' title='bbox 386 2974 500 3014; x_wconf 81' lang='lat' dir='ltr'><strong>tetetum.</strong></span> <span class='ocrx_word' id='word_1_270' title='bbox 519 2965 551 3013; x_wconf 80' lang='lat' dir='ltr'><strong>lle</strong></span> <span class='ocrx_word' id='word_1_271' title='bbox 570 2963 677 3020; x_wconf 83' lang='lat' dir='ltr'><strong>decorem</strong></span> <span class='ocrx_word' id='word_1_272' title='bbox 710 2967 749 3014; x_wconf 79' lang='lat' dir='ltr'><strong>ss&#39;e</strong></span> <span class='ocrx_word' id='word_1_273' title='bbox 757 2966 853 3014; x_wconf 80' lang='lat' dir='ltr'><strong>studiis</strong></span> <span class='ocrx_word' id='word_1_274' title='bbox 861 2965 1127 3034; x_wconf 78' lang='lat' dir='ltr'><strong>adolescens,prodigus</strong></span> <span class='ocrx_word' id='word_1_275' title='bbox 1134 2971 1208 3032; x_wconf 80' lang='lat' dir='ltr'><strong>ueris,</strong></span> 
     </span>
     <span class='ocr_line' id='line_1_29' title="bbox 176 3047 1210 3116; baseline 0.001 -14"><span class='ocrx_word' id='word_1_276' title='bbox 176 3053 244 3103; x_wconf 82' lang='lat' dir='ltr'><strong>suuis</strong></span> <span class='ocrx_word' id='word_1_277' title='bbox 261 3047 389 3100; x_wconf 74' lang='lat' dir='ltr'><strong>mobilibus</strong></span> <span class='ocrx_word' id='word_1_278' title='bbox 404 3047 493 3116; x_wconf 74' lang='lat' dir='ltr'><strong>(pueris</strong></span> <span class='ocrx_word' id='word_1_279' title='bbox 507 3059 531 3099; x_wconf 90' lang='lat' dir='ltr'><strong>et</strong></span> <span class='ocrx_word' id='word_1_280' title='bbox 544 3048 679 3099; x_wconf 81' lang='lat' dir='ltr'><strong>udole&#39;scen·</strong></span> <span class='ocrx_word' id='word_1_281' title='bbox 710 3052 747 3099; x_wconf 80' lang='lat' dir='ltr'><strong>vir</strong></span> <span class='ocrx_word' id='word_1_282' title='bbox 762 3052 840 3099; x_wconf 83' lang='lat' dir='ltr'><strong>fuctus</strong></span> <span class='ocrx_word' id='word_1_283' title='bbox 859 3053 952 3115; x_wconf 79' lang='lat' dir='ltr'><strong>quaerit</strong></span> <span class='ocrx_word' id='word_1_284' title='bbox 969 3068 1032 3116; x_wconf 85' lang='lat' dir='ltr'><strong>opes.</strong></span> <span class='ocrx_word' id='word_1_285' title='bbox 1056 3053 1150 3102; x_wconf 82' lang='lat' dir='ltr'><strong>Ovidius</strong></span> <span class='ocrx_word' id='word_1_286' title='bbox 1163 3057 1210 3103; x_wconf 81' lang='lat' dir='ltr'><strong>lde·</strong></span> 
     </span>
     <span class='ocr_line' id='line_1_30' title="bbox 175 3133 1210 3201; baseline -0.001 -14"><span class='ocrx_word' id='word_1_287' title='bbox 175 3133 264 3201; x_wconf 83' lang='lat' dir='ltr'><strong>tibus),</strong></span> <span class='ocrx_word' id='word_1_288' title='bbox 281 3134 309 3186; x_wconf 81' lang='lat' dir='ltr'><strong>tle</strong></span> <span class='ocrx_word' id='word_1_289' title='bbox 327 3139 397 3188; x_wconf 81' lang='lat' dir='ltr'><strong>suuis</strong></span> <span class='ocrx_word' id='word_1_290' title='bbox 411 3137 509 3185; x_wconf 75' lang='lat' dir='ltr'><strong>maturis</strong></span> <span class='ocrx_word' id='word_1_291' title='bbox 523 3133 588 3199; x_wconf 81' lang='lat' dir='ltr'><strong>(viris</strong></span> <span class='ocrx_word' id='word_1_292' title='bbox 606 3144 630 3183; x_wconf 90' lang='lat' dir='ltr'><strong>et</strong></span> <span class='ocrx_word' id='word_1_293' title='bbox 643 3151 679 3184; x_wconf 84' lang='lat' dir='ltr'><strong>se·</strong></span> <span class='ocrx_word' id='word_1_294' title='bbox 711 3145 767 3184; x_wconf 79' lang='lat' dir='ltr'><strong>tum.</strong></span> <span class='ocrx_word' id='word_1_295' title='bbox 782 3135 846 3196; x_wconf 76' lang='lat' dir='ltr'><strong>xit,</strong></span> <span class='ocrx_word' id='word_1_296' title='bbox 860 3137 916 3184; x_wconf 79' lang='lat'><strong>634.</strong></span> <span class='ocrx_word' id='word_1_297' title='bbox 937 3137 988 3183; x_wconf 79' lang='lat' dir='ltr'><strong>Hie</strong></span> <span class='ocrx_word' id='word_1_298' title='bbox 1003 3153 1084 3199; x_wconf 85' lang='lat' dir='ltr'><strong>amor,</strong></span> <span class='ocrx_word' id='word_1_299' title='bbox 1101 3141 1143 3186; x_wconf 81' lang='lat' dir='ltr'><strong>boo</strong></span> <span class='ocrx_word' id='word_1_300' title='bbox 1156 3147 1210 3186; x_wconf 62' lang='lat' dir='ltr'><strong>site</strong></span> 
     </span>
     <span class='ocr_line' id='line_1_31' title="bbox 173 3219 1208 3288; baseline 0 -15"><span class='ocrx_word' id='word_1_301' title='bbox 173 3219 262 3284; x_wconf 75' lang='lat' dir='ltr'><strong>stibus).</strong></span> <span class='ocrx_word' id='word_1_302' title='bbox 280 3223 328 3273; x_wconf 85' lang='lat' dir='ltr'><strong>lem</strong></span> <span class='ocrx_word' id='word_1_303' title='bbox 337 3223 447 3273; x_wconf 73' lang='lat' dir='ltr'><strong>Horatius</strong></span> <span class='ocrx_word' id='word_1_304' title='bbox 458 3219 608 3271; x_wconf 75' lang='lat' dir='ltr'><strong>contraheret</strong></span> <span class='ocrx_word' id='word_1_305' title='bbox 618 3236 675 3286; x_wconf 82' lang='lat' dir='ltr'><strong>que·</strong></span> <span class='ocrx_word' id='word_1_306' title='bbox 707 3221 792 3268; x_wconf 73' lang='lat' dir='ltr'><strong>diem:</strong></span> <span class='ocrx_word' id='word_1_307' title='bbox 804 3229 829 3267; x_wconf 90' lang='lat' dir='ltr'><strong>et</strong></span> <span class='ocrx_word' id='word_1_308' title='bbox 841 3222 888 3268; x_wconf 78' lang='lat' dir='ltr'><strong>ism</strong></span> <span class='ocrx_word' id='word_1_309' title='bbox 904 3221 1017 3288; x_wconf 73' lang='lat' dir='ltr'><strong>Virgilius</strong></span> <span class='ocrx_word' id='word_1_310' title='bbox 1029 3224 1086 3272; x_wconf 73' lang='lat' dir='ltr'><strong>Aen.</strong></span> <span class='ocrx_word' id='word_1_311' title='bbox 1096 3225 1141 3285; x_wconf 85' lang='lat' dir='ltr'><strong>XI,</strong></span> <span class='ocrx_word' id='word_1_312' title='bbox 1152 3225 1208 3273; x_wconf 81' lang='lat'><strong>739.</strong></span> 
     </span>
     <span class='ocr_line' id='line_1_32' title="bbox 174 3305 1209 3374; baseline -0.002 -15"><span class='ocrx_word' id='word_1_313' title='bbox 174 3317 228 3359; x_wconf 82' lang='lat' dir='ltr'><strong>tuoe</strong></span> <span class='ocrx_word' id='word_1_314' title='bbox 250 3318 340 3360; x_wconf 82' lang='lat' dir='ltr'><strong>tetetes</strong></span> <span class='ocrx_word' id='word_1_315' title='bbox 360 3312 385 3360; x_wconf 88' lang='lat' dir='ltr'><strong>in</strong></span> <span class='ocrx_word' id='word_1_316' title='bbox 407 3307 482 3372; x_wconf 84' lang='lat' dir='ltr'><strong>duts,</strong></span> <span class='ocrx_word' id='word_1_317' title='bbox 504 3308 571 3374; x_wconf 81' lang='lat' dir='ltr'><strong>qussi</strong></span> <span class='ocrx_word' id='word_1_318' title='bbox 594 3305 675 3356; x_wconf 83' lang='lat' dir='ltr'><strong>eedem</strong></span> <span class='ocrx_word' id='word_1_319' title='bbox 709 3306 857 3367; x_wconf 73' lang='lat' dir='ltr'><strong>illucesce,</strong></span> <span class='ocrx_word' id='word_1_320' title='bbox 879 3308 922 3354; x_wconf 80' lang='lat' dir='ltr'><strong>hoe</strong></span> <span class='ocrx_word' id='word_1_321' title='bbox 938 3309 1056 3357; x_wconf 77' lang='lat' dir='ltr'><strong>studium.</strong></span> <span class='ocrx_word' id='word_1_322' title='bbox 1083 3309 1161 3357; x_wconf 80' lang='lat' dir='ltr'><strong>Cicero</strong></span> <span class='ocrx_word' id='word_1_323' title='bbox 1179 3308 1209 3357; x_wconf 87' lang='lat' dir='ltr'><strong>de</strong></span> 
     </span>
     <span class='ocr_line' id='line_1_33' title="bbox 174 3389 1210 3462; baseline 0 -18"><span class='ocrx_word' id='word_1_324' title='bbox 174 3391 331 3462; x_wconf 71' lang='lat' dir='ltr'><strong>descriptione</strong></span> <span class='ocrx_word' id='word_1_325' title='bbox 347 3409 438 3461; x_wconf 78' lang='lat' dir='ltr'><strong>pueros</strong></span> <span class='ocrx_word' id='word_1_326' title='bbox 454 3402 479 3443; x_wconf 87' lang='lat' dir='ltr'><strong>et</strong></span> <span class='ocrx_word' id='word_1_327' title='bbox 495 3393 673 3454; x_wconf 73' lang='lat' dir='ltr'><strong>adolescentes,</strong></span> <span class='ocrx_word' id='word_1_328' title='bbox 707 3389 801 3439; x_wconf 77' lang='lat' dir='ltr'><strong>Oratore</strong></span> <span class='ocrx_word' id='word_1_329' title='bbox 820 3390 871 3454; x_wconf 83' lang='grc' dir='ltr'><strong>ΠΙ,</strong></span> <span class='ocrx_word' id='word_1_330' title='bbox 894 3396 924 3454; x_wconf 84' lang='grc'><strong>7,</strong></span> <span class='ocrx_word' id='word_1_331' title='bbox 950 3395 1036 3442; x_wconf 82' lang='lat' dir='ltr'><strong>studia</strong></span> <span class='ocrx_word' id='word_1_332' title='bbox 1058 3404 1083 3442; x_wconf 85' lang='lat' dir='ltr'><strong>et</strong></span> <span class='ocrx_word' id='word_1_333' title='bbox 1104 3402 1210 3444; x_wconf 77' lang='lat' dir='ltr'><strong>naturus</strong></span> 
     </span>
     <span class='ocr_line' id='line_1_34' title="bbox 175 3473 1210 3544; baseline -0.001 -15"><span class='ocrx_word' id='word_1_334' title='bbox 175 3477 257 3535; x_wconf 84' lang='lat' dir='ltr'><strong>eedem</strong></span> <span class='ocrx_word' id='word_1_335' title='bbox 274 3482 341 3531; x_wconf 78' lang='lat' dir='ltr'><strong>vires</strong></span> <span class='ocrx_word' id='word_1_336' title='bbox 357 3487 383 3530; x_wconf 79' lang='lat' dir='ltr'><strong>et</strong></span> <span class='ocrx_word' id='word_1_337' title='bbox 398 3494 469 3529; x_wconf 79' lang='lat' dir='ltr'><strong>senes</strong></span> <span class='ocrx_word' id='word_1_338' title='bbox 483 3477 609 3544; x_wconf 82' lang='lat' dir='ltr'><strong>complecti</strong></span> <span class='ocrx_word' id='word_1_339' title='bbox 623 3493 676 3543; x_wconf 86' lang='lat' dir='ltr'><strong>pos·</strong></span> <span class='ocrx_word' id='word_1_340' title='bbox 710 3473 833 3525; x_wconf 82' lang='lat' dir='ltr'><strong>distinxit:</strong></span> <span class='ocrx_word' id='word_1_341' title='bbox 850 3477 912 3540; x_wconf 76' lang='lat' dir='ltr'><strong>quid</strong></span> <span class='ocrx_word' id='word_1_342' title='bbox 925 3479 1034 3526; x_wconf 76' lang='lat' dir='ltr'><strong>intersit</strong></span> <span class='ocrx_word' id='word_1_343' title='bbox 1046 3481 1120 3527; x_wconf 77' lang='lat' dir='ltr'><strong>inter&#39;</strong></span> <span class='ocrx_word' id='word_1_344' title='bbox 1129 3489 1210 3529; x_wconf 83' lang='lat' dir='ltr'><strong>orato-</strong></span> 
     </span>
     <span class='ocr_line' id='line_1_35' title="bbox 174 3563 1209 3629; baseline -0.001 -13"><span class='ocrx_word' id='word_1_345' title='bbox 174 3567 207 3618; x_wconf 83' lang='lat' dir='ltr'><strong>slt</strong></span> <span class='ocrx_word' id='word_1_346' title='bbox 217 3602 224 3629; x_wconf 82' lang='grc'>,</span> <span class='ocrx_word' id='word_1_347' title='bbox 233 3582 259 3616; x_wconf 86' lang='lat' dir='ltr'><strong>ee</strong></span> <span class='ocrx_word' id='word_1_348' title='bbox 269 3566 388 3617; x_wconf 74' lang='lat' dir='ltr'><strong>sufficeret</strong></span> <span class='ocrx_word' id='word_1_349' title='bbox 397 3563 470 3616; x_wconf 85' lang='lat' dir='ltr'><strong>illud:</strong></span> <span class='ocrx_word' id='word_1_350' title='bbox 481 3564 556 3614; x_wconf 81' lang='lat' dir='ltr'><strong>tltert</strong></span> <span class='ocrx_word' id='word_1_351' title='bbox 566 3572 632 3611; x_wconf 80' lang='lat' dir='ltr'><strong>tetus</strong></span> <span class='ocrx_word' id='word_1_352' title='bbox 645 3571 680 3609; x_wconf 87' lang='lat' dir='ltr'><strong>est</strong></span> <span class='ocrx_word' id='word_1_353' title='bbox 712 3576 767 3608; x_wconf 78' lang='lat' dir='ltr'><strong>mm</strong></span> <span class='ocrx_word' id='word_1_354' title='bbox 787 3563 874 3610; x_wconf 83' lang='lat' dir='ltr'><strong>studia</strong></span> <span class='ocrx_word' id='word_1_355' title='bbox 898 3570 971 3625; x_wconf 79' lang='lat' dir='ltr'><strong>etque</strong></span> <span class='ocrx_word' id='word_1_356' title='bbox 992 3571 1110 3625; x_wconf 58' lang='lat' dir='ltr'><strong>naturam</strong></span> <span class='ocrx_word' id='word_1_357' title='bbox 1133 3576 1158 3613; x_wconf 89' lang='lat' dir='ltr'><strong>et</strong></span> <span class='ocrx_word' id='word_1_358' title='bbox 1180 3566 1209 3615; x_wconf 92' lang='lat' dir='ltr'><strong>de</strong></span> 
     </span>
     <span class='ocr_line' id='line_1_36' title="bbox 173 3647 1209 3718; baseline -0.002 -15"><span class='ocrx_word' id='word_1_359' title='bbox 173 3652 286 3715; x_wconf 71' lang='lat' dir='ltr'><strong>millis,</strong></span> <span class='ocrx_word' id='word_1_360' title='bbox 300 3651 375 3702; x_wconf 80' lang='lat' dir='ltr'><strong>ultore</strong></span> <span class='ocrx_word' id='word_1_361' title='bbox 386 3652 483 3718; x_wconf 79' lang='lat' dir='ltr'><strong>gravis.</strong></span> <span class='ocrx_word' id='word_1_362' title='bbox 501 3650 554 3714; x_wconf 88' lang='lat' dir='ltr'><strong>lpse</strong></span> <span class='ocrx_word' id='word_1_363' title='bbox 565 3648 678 3696; x_wconf 82' lang='lat' dir='ltr'><strong>-Horetius</strong></span> <span class='ocrx_word' id='word_1_364' title='bbox 709 3647 801 3696; x_wconf 84' lang='lat' dir='ltr'><strong>invent.</strong></span> <span class='ocrx_word' id='word_1_365' title='bbox 814 3647 885 3696; x_wconf 88' lang='lat' dir='ltr'><strong>Rhet.</strong></span> <span class='ocrx_word' id='word_1_366' title='bbox 897 3649 922 3709; x_wconf 89' lang='lat'><strong>1,</strong></span> <span class='ocrx_word' id='word_1_367' title='bbox 934 3649 980 3710; x_wconf 64' lang='lat'><strong>25,</strong></span> <span class='ocrx_word' id='word_1_368' title='bbox 996 3651 1109 3698; x_wconf 77' lang='lat' dir='ltr'><strong>studium</strong></span> <span class='ocrx_word' id='word_1_369' title='bbox 1122 3653 1155 3700; x_wconf 85' lang='lat' dir='ltr'><strong>sie</strong></span> <span class='ocrx_word' id='word_1_370' title='bbox 1169 3670 1209 3702; x_wconf 82' lang='lat' dir='ltr'><strong>ex-</strong></span> 
     </span>
     <span class='ocr_line' id='line_1_37' title="bbox 175 3732 1210 3799; baseline -0.001 -10"><span class='ocrx_word' id='word_1_371' title='bbox 175 3734 260 3789; x_wconf 82' lang='lat' dir='ltr'><strong>delmle</strong></span> <span class='ocrx_word' id='word_1_372' title='bbox 276 3736 394 3799; x_wconf 83' lang='lat' dir='ltr'><strong>ostendit,</strong></span> <span class='ocrx_word' id='word_1_373' title='bbox 413 3734 503 3786; x_wconf 59' lang='lat' dir='ltr'><strong>&amp;versu</strong></span> <span class='ocrx_word' id='word_1_374' title='bbox 518 3749 566 3782; x_wconf 83' lang='lat' dir='ltr'><strong>esse</strong></span> <span class='ocrx_word' id='word_1_375' title='bbox 580 3732 676 3797; x_wconf 78' lang='lat' dir='ltr'><strong>ingenie</strong></span> <span class='ocrx_word' id='word_1_376' title='bbox 709 3732 826 3797; x_wconf 77' lang='lat' dir='ltr'><strong>plicavitt&#39;</strong></span> <span class='ocrx_word' id='word_1_377' title='bbox 836 3734 953 3782; x_wconf 78' lang='lat' dir='ltr'><strong>Studium</strong></span> <span class='ocrx_word' id='word_1_378' title='bbox 967 3741 1005 3781; x_wconf 83' lang='lat' dir='ltr'><strong>est</strong></span> <span class='ocrx_word' id='word_1_379' title='bbox 1015 3738 1097 3784; x_wconf 79' lang='lat' dir='ltr'><strong>animi</strong></span> <span class='ocrx_word' id='word_1_380' title='bbox 1107 3740 1210 3787; x_wconf 79' lang='lat' dir='ltr'><strong>assidua</strong></span> 
     </span>
     <span class='ocr_line' id='line_1_38' title="bbox 169 3818 1208 3891; baseline 0.001 -19"><span class='ocrx_word' id='word_1_381' title='bbox 169 3823 247 3891; x_wconf 72' lang='lat' dir='ltr'><strong>pueri</strong></span> <span class='ocrx_word' id='word_1_382' title='bbox 267 3830 293 3873; x_wconf 77' lang='lat' dir='ltr'><strong>et</strong></span> <span class='ocrx_word' id='word_1_383' title='bbox 314 3822 492 3884; x_wconf 74' lang='lat' dir='ltr'><strong>adolescentis,</strong></span> <span class='ocrx_word' id='word_1_384' title='bbox 513 3818 604 3868; x_wconf 76' lang='lat' dir='ltr'><strong>diverso</strong></span> <span class='ocrx_word' id='word_1_385' title='bbox 622 3819 676 3865; x_wconf 80' lang='lat' dir='ltr'><strong>oiri</strong></span> <span class='ocrx_word' id='word_1_386' title='bbox 708 3824 733 3865; x_wconf 83' lang='lat' dir='ltr'><strong>et</strong></span> <span class='ocrx_word' id='word_1_387' title='bbox 749 3820 873 3866; x_wconf 75' lang='lat' dir='ltr'><strong>osbeeuens</strong></span> <span class='ocrx_word' id='word_1_388' title='bbox 888 3819 922 3866; x_wconf 82' lang='lat' dir='ltr'><strong>ud</strong></span> <span class='ocrx_word' id='word_1_389' title='bbox 936 3821 1046 3882; x_wconf 79' lang='lat' dir='ltr'><strong>aliquam</strong></span> <span class='ocrx_word' id='word_1_390' title='bbox 1062 3838 1113 3871; x_wconf 81' lang='lat' dir='ltr'><strong>rem</strong></span> <span class='ocrx_word' id='word_1_391' title='bbox 1128 3827 1208 3889; x_wconf 79' lang='lat' dir='ltr'><strong>appli-</strong></span> 
     </span>
     <span class='ocr_line' id='line_1_39' title="bbox 174 3904 1208 3974; baseline 0.003 -19"><span class='ocrx_word' id='word_1_392' title='bbox 174 3912 200 3956; x_wconf 62' lang='grc' dir='ltr'><strong>οἱ</strong></span> <span class='ocrx_word' id='word_1_393' title='bbox 212 3909 287 3958; x_wconf 78' lang='lat' dir='ltr'><strong>senis.</strong></span> <span class='ocrx_word' id='word_1_394' title='bbox 303 3908 381 3971; x_wconf 79' lang='lat' dir='ltr'><strong>lenge</strong></span> <span class='ocrx_word' id='word_1_395' title='bbox 396 3904 462 3957; x_wconf 82' lang='lat' dir='ltr'><strong>eliud</strong></span> <span class='ocrx_word' id='word_1_396' title='bbox 476 3915 589 3968; x_wconf 85' lang='lat' dir='ltr'><strong>sst,cum</strong></span> <span class='ocrx_word' id='word_1_397' title='bbox 603 3919 675 3952; x_wconf 81' lang='lat' dir='ltr'><strong>tunes</strong></span> <span class='ocrx_word' id='word_1_398' title='bbox 708 3911 765 3951; x_wconf 83' lang='lat' dir='ltr'><strong>cote</strong></span> <span class='ocrx_word' id='word_1_399' title='bbox 785 3919 876 3969; x_wconf 80' lang='lat' dir='ltr'><strong>magne</strong></span> <span class='ocrx_word' id='word_1_400' title='bbox 896 3920 950 3952; x_wconf 82' lang='lat' dir='ltr'><strong>eum</strong></span> <span class='ocrx_word' id='word_1_401' title='bbox 971 3908 1097 3956; x_wconf 77' lang='lat' dir='ltr'><strong>voluntate</strong></span> <span class='ocrx_word' id='word_1_402' title='bbox 1112 3926 1208 3974; x_wconf 80' lang='lat' dir='ltr'><strong>oocupa-</strong></span> 
     </span>
     <span class='ocr_line' id='line_1_40' title="bbox 174 3987 1207 4056; baseline 0.003 -15"><span class='ocrx_word' id='word_1_403' title='bbox 174 3991 301 4041; x_wconf 72' lang='lat' dir='ltr'><strong>mitetee</strong></span> <span class='ocrx_word' id='word_1_404' title='bbox 326 4002 350 4041; x_wconf 92' lang='lat' dir='ltr'><strong>ct</strong></span> <span class='ocrx_word' id='word_1_405' title='bbox 372 3992 508 4041; x_wconf 80' lang='lat' dir='ltr'><strong>recedentes</strong></span> <span class='ocrx_word' id='word_1_406' title='bbox 530 3990 673 4055; x_wconf 75' lang='lat' dir='ltr'><strong>distinguit,</strong></span> <span class='ocrx_word' id='word_1_407' title='bbox 709 3990 752 4038; x_wconf 83' lang='lat' dir='ltr'><strong>tie.</strong></span> <span class='ocrx_word' id='word_1_408' title='bbox 767 3990 889 4038; x_wconf 73' lang='lat' dir='ltr'><strong>Horatium</strong></span> <span class='ocrx_word' id='word_1_409' title='bbox 902 3987 963 4038; x_wconf 88' lang='lat' dir='ltr'><strong>bene</strong></span> <span class='ocrx_word' id='word_1_410' title='bbox 976 3996 1093 4056; x_wconf 79' lang='lat' dir='ltr'><strong>expressit</strong></span> <span class='ocrx_word' id='word_1_411' title='bbox 1106 3995 1135 4043; x_wconf 84' lang='grc' dir='ltr'><strong>Η.</strong></span> <span class='ocrx_word' id='word_1_412' title='bbox 1150 3995 1207 4044; x_wconf 80' lang='lat' dir='ltr'><strong>Vide</strong></span> 
     </span>
     <span class='ocr_line' id='line_1_41' title="bbox 174 4075 1206 4144; baseline 0.004 -19"><span class='ocrx_word' id='word_1_413' title='bbox 174 4089 301 4141; x_wconf 77' lang='lat' dir='ltr'><strong>serumque</strong></span> <span class='ocrx_word' id='word_1_414' title='bbox 318 4075 375 4127; x_wconf 73' lang='lat' dir='ltr'><strong>eluse</strong></span> <span class='ocrx_word' id='word_1_415' title='bbox 389 4087 468 4142; x_wconf 82' lang='lat' dir='ltr'><strong>pectes</strong></span> <span class='ocrx_word' id='word_1_416' title='bbox 479 4077 611 4126; x_wconf 87' lang='lat' dir='ltr'><strong>coustituit.</strong></span> <span class='ocrx_word' id='word_1_417' title='bbox 625 4075 672 4139; x_wconf 84' lang='lat' dir='ltr'><strong>Ego</strong></span> <span class='ocrx_word' id='word_1_418' title='bbox 705 4075 769 4124; x_wconf 81' lang='lat' dir='ltr'><strong>Post.</strong></span> <span class='ocrx_word' id='word_1_419' title='bbox 783 4076 820 4136; x_wconf 83' lang='grc' dir='ltr'><strong>ΙΙ,</strong></span> <span class='ocrx_word' id='word_1_420' title='bbox 834 4077 889 4124; x_wconf 80' lang='grc'><strong>455.</strong></span> <span class='ocrx_word' id='word_1_421' title='bbox 907 4077 974 4124; x_wconf 77' lang='lat' dir='ltr'><strong>Ilius</strong></span> <span class='ocrx_word' id='word_1_422' title='bbox 988 4080 1072 4127; x_wconf 81' lang='lat' dir='ltr'><strong>varios</strong></span> <span class='ocrx_word' id='word_1_423' title='bbox 1083 4096 1206 4144; x_wconf 81' lang='lat' dir='ltr'><strong>moresque</strong></span> 
     </span>
    </p>
   </div>
   <div class='ocr_carea' id='block_1_4' title="bbox 0 0 1380 4844">
    <p class='ocr_par' dir='ltr' id='par_1_4' title="bbox 0 0 1380 4844">
     <span class='ocr_line' id='line_1_42' title="bbox 0 0 1380 4844; baseline 0 1"><span class='ocrx_word' id='word_1_424' title='bbox 0 0 1380 4844; x_wconf 95' lang='lat' dir='ltr'><strong> </strong></span> 
     </span>
    </p>
   </div>
  </div>
 </body>
</html>
