2752 4844
518 400 577 458 An
609 399 826 488 essenus.
1138 400 1177 459 es

184 597 235 667 Sit
260 595 375 670 Medea
397 599 491 671 ferox
515 599 722 693 invictaque3
747 598 868 672 flebilis
889 602 968 692 lno,

153 821 185 868 ss
196 835 254 886 ergo
267 821 401 886 Acarnan,
418 823 447 870 ee
461 839 505 886 quo
521 827 651 873 semetra
683 841 797 889 caussas,
823 827 867 875 see
883 834 914 874 n
933 806 963 874 ei
983 827 1102 875 tectoriis
1123 829 1185 877 aera

152 921 234 954 meres
251 908 370 971 scripsit,
391 909 455 956 veiis
470 911 591 971 scribere5
615 918 652 958 ta·
684 919 807 960 narraret.
833 914 920 976 ltaque
940 928 1062 976 noemmin
1083 920 1122 960 est
1138 920 1183 961 no·

153 993 200 1038 iem
215 992 285 1040 debes
298 978 416 1055 scribere,
430 997 525 1056 qualem
533 996 654 1043 Homer-ns
686 1003 795 1044 meratus
812 1005 964 1045 creterram
980 1013 1048 1060 vero,
1066 999 1092 1045 si
1107 999 1185 1046 biste-

154 1078 271 1126 osteodit.
288 1078 341 1128 Aet
353 1082 460 1144 reponis,
481 1081 514 1127 ad
528 1082 653 1128 imitatio-
685 1084 751 1129 riam
772 1098 819 1129 non
840 1084 997 1147 scripsisset,
1022 1098 1107 1130 ennea
1129 1084 1184 1132 eius

154 1164 245 1210 tionem
266 1164 369 1212 Homeri
389 1165 516 1213 describis.
539 1147 652 1229 Quorsum
683 1183 731 1215 ooo
747 1175 870 1230 restaret,
887 1184 941 1215 mem
952 1169 1104 1231 praesertim
1112 1168 1184 1229 suis·

154 1247 221 1296 sodes
241 1247 300 1297 haec
320 1251 455 1314 pertinent,
478 1252 525 1299 nisi
541 1250 571 1299 ad
585 1253 654 1300 Scri-
686 1260 725 1300 set
749 1254 880 1301 boomotes
901 1260 927 1300 et
945 1254 1050 1301 nobilis:
1070 1251 1183 1316 horest,

148 1341 211 1397 pter
230 1332 396 1382 Hemereem?
425 1335 455 1384 lt
475 1335 564 1398 iidem,
590 1336 653 1402 quod
684 1339 727 1403 qui
743 1347 767 1386 et
784 1340 934 1403 magistratus
950 1339 1089 1404 gesserit-et
1107 1336 1186 1387 nobili

154 1418 184 1467 ad
207 1421 350 1467 boematum
371 1421 458 1485 faeiat,
483 1420 652 1471 nihilomnino
685 1434 746 1471 esset
757 1417 852 1489 genere.
869 1424 946 1489 itque
961 1425 996 1472 ita
1012 1425 1144 1471 hermatus
1160 1432 1186 1471 et

153 1504 251 1554 habent.
273 1506 431 1556 BENTLEIVS.
687 1510 778 1557 nobilis
801 1525 848 1556 non
870 1519 925 1557 sunt
948 1507 1036 1557 eadem.
1062 1510 1188 1574 Eutropius

187 1592 329 1640 Honoratus
336 1575 383 1639 nen
396 1593 430 1641 ita
440 1609 488 1640 esse
495 1592 654 1658 explicatum,
686 1603 752 1642 reete
770 1603 794 1642 et
810 1595 892 1642 Latine
908 1596 1000 1642 vocavit
1013 1593 1135 1642 Vitellium
1142 1595 1188 1655 fu·

154 1687 182 1726 nt
204 1686 259 1742 apta
277 1675 334 1725 huic
350 1676 401 1725 loco
418 1676 472 1725 inde
491 1687 583 1726 emanet
599 1694 651 1726 sen·
683 1680 758 1726 milio
774 1675 990 1744 bonoratc'oeegis
1005 1694 1077 1742 qnare
1093 1681 1174 1727 nobili
1179 1716 1187 1742 ,

156 1763 245 1824 tentia,
268 1764 325 1810 satis
344 1779 357 1810 a
380 1763 491 1811 britanno
513 1761 655 1812 demonstra·
687 1765 744 1830 quia
759 1774 828 1829 pater
845 1766 908 1828 eius,
926 1782 973 1813 uon
989 1762 1113 1813 admodum
1124 1764 1188 1813 clare

137 1831 207 1895 'tum
229 1857 273 1895 est.
298 1845 347 1895 Alii
368 1845 420 1912 pest
442 1865 495 1896 eum
511 1847 565 1896 aliis
581 1847 655 1897 modis
687 1859 771 1912 natus,
788 1858 837 1898 tres
850 1859 928 1898 tamen
942 1848 1071 1897 ordinarios
1084 1843 1189 1913 gesserat

156 1949 206 1981 rem
231 1931 341 1998 expedire
366 1943 529 1982 tentaverunt:
555 1934 656 1982 honoro·
688 1934 830 1984 consulatus.
846 1932 1189 1983 VideHeinsiumadhlbinov.

158 2025 214 2081 tres,
237 2016 335 2081 dicunt,
357 2028 392 2066 est
407 2021 568 2084 magnifices,
582 2020 657 2067 subii·
689 2019 755 2085 Eleg.
773 2019 907 2070 adiiciam
921 2022 978 2069 330.
1004 2021 1075 2068 Inter
1090 2021 1191 2068 bonore·

157 2105 219 2164 enis;
240 2112 275 2152 est
288 2100 421 2152 honeratis
435 2105 655 2158 Homericarmini-
688 2111 726 2151 tos
746 2106 886 2168 erce'jrietor
906 2121 971 2153 eoos.
1000 2105 1094 2152 Frustra
1114 2105 1190 2169 igitur

157 2189 215 2251 bus,
239 2205 286 2254 quo
302 2189 396 2236 nomine
412 2187 545 2236 Alexander
560 2189 657 2253 Magnus
689 2188 767 2236 locum
783 2188 898 2237 Ciceronis
914 2188 944 2237 ad
956 2189 1078 2237 Achillem
1090 2192 1191 2244 iecoro-

157 2272 247 2322 lchilli
261 2270 391 2321 invidebat.
408 2270 603 2338 Wyttenbaehius
616 2288 658 2320 au·
691 2280 744 2320 tem
758 2273 869 2321 nonnulli
883 2273 1066 2323 accommodant.
1083 2274 1108 2322 si
1121 2276 1191 2324 bene·
1242 2323 1245 2328 ,

158 2357 275 2409 ditorihus
295 2360 343 2407 suis
364 2357 473 2407 dictavit:
497 2358 581 2406 »Male
598 2359 656 2406 Ben·
689 2366 761 2406 ratos
776 2359 894 2424 significat
911 2367 1025 2422 emtus,
1047 2358 1123 2423 illud,
1143 2376 1190 2425 quc

159 2447 239 2496 tleius.
264 2445 322 2495 Nam
342 2461 389 2493 non
412 2444 488 2492 solnm
511 2443 601 2509 ubique
623 2441 653 2491 ab
686 2444 740 2510 quis
759 2454 855 2492 ornatus
871 2453 919 2507 est,
936 2444 974 2492 vel
988 2444 1097 2507 additur,
1111 2445 1192 2494 velex

114 2525 116 2530 ’
159 2533 257 2580 Homero
273 2529 360 2579 dieitur
376 2531 521 2592 honoratos,
542 2530 659 2577 tcnoran-
691 2528 888 2578 antecedentibus
901 2530 972 2579 facile
987 2529 1112 2596 cogitando
1124 2535 1193 2596 rep'e-

160 2618 220 2678 dns5
242 2615 283 2664 sed
297 2616 445 2681 significatur
460 2614 499 2664 hie
517 2614 658 2680 Tragoedia,
691 2615 759 2663 titur.
786 2615 909 2664 Bentleius
930 2616 1031 2663 coniecit
1049 2617 1194 2664 oninium

161 2702 260 2766 Airai,
278 2702 492 2765 Supplicoticoes,
507 2716 554 2766 quo
566 2701 661 2748 nomine
693 2699 732 2748 vel
748 2700 928 2758 Henteriaesem.
951 2698 1075 2749 Videamus
1090 2702 1193 2766 primum

162 2798 187 2837 et
203 2797 341 2854 argumento
359 2785 491 2852 complures
505 2787 574 2833 fuere
590 2785 660 2834 Grae·
693 2784 721 2832 de
736 2786 811 2833 forma
823 2784 944 2847 vocabuli,
959 2784 1044 2833 deinde
1057 2783 1086 2832 de
1099 2794 1195 2835 senteu-

162 2890 242 2923 eorum
257 2869 407 2936 Tragoedias.
424 2870 594 2935 Argumentum
611 2879 662 2919 erat
693 2871 729 2918 tia
752 2870 808 2918 hinc
827 2880 900 2918 nata·
914 2870 1027 2918 Graecum
1049 2879 1085 2917 est
1103 2866 1194 2936 ‘Orci‘-

161 2975 194 3007 ex
209 2956 283 3006 lliade
298 2957 331 3017 Ἰ,
353 2954 396 3003 ubi
416 2955 495 3004 Ulixes
516 2965 540 3003 et
553 2956 612 3003 lirx
632 2954 662 3003 ad
694 2973 764 3022 ρειος
786 2952 984 3021 αι’Ὃμηρικός.
1016 2956 1148 3003 Hectoreus
1169 2964 1195 3004 et

163 3043 281 3092 Achillem
301 3042 415 3102 veniunt,
437 3049 466 3088 ut
480 3040 575 3090 Graecis
593 3056 662 3106 opem
695 3042 856 3090 Ilmaeriocus
866 3039 1032 3090 consuetudini
1044 3039 1139 3105 quidem
1147 3057 1196 3090 ser-

164 3131 267 3180 ferret.'’
284 3126 345 3175 Sunt
361 3129 432 3175 etiam
448 3128 491 3193 qui
504 3128 663 3192 interpreten-
695 3129 769 3175 monis
790 3144 838 3174 uon
861 3135 994 3191 repugnat;
1025 3126 1097 3173 miror
1117 3135 1197 3176 tamen

164 3226 205 3266 tur
226 3213 343 3277 ἀγαυόν,
362 3212 467 3262 κλυτόν.
489 3213 533 3261 Fae
545 3211 606 3261 hanc
624 3212 664 3260 vel
696 3214 814 3260 neminem
835 3210 934 3274 dixisse,
955 3211 998 3260 sed
1016 3228 1095 3260 omnes
1111 3214 1197 3262 Heme-

163 3302 231 3352 illam
259 3300 455 3366 significationem
479 3313 546 3364 posse
569 3299 661 3364 accipi,
695 3299 777 3359 ricem,
799 3313 830 3345 ne
848 3307 946 3362 excepto
961 3296 1058 3363 quidem
1074 3308 1145 3364 poeta
1158 3299 1197 3347 lu-

80 3424 83 3435 .
165 3387 274 3436 Horatius
302 3400 430 3450 numquam
453 3383 600 3433 adhibuisset
623 3382 664 3432 ad·
696 3381 788 3431 venale.
807 3383 931 3445 Horatius,
945 3384 980 3431 ait
993 3383 1126 3446 Bentleius,
1140 3385 1198 3448 quie

161 3473 278 3522 iectirum
294 3473 435 3519 honoratus.
460 3469 518 3516 Nem
535 3462 605 3517 sisic
620 3467 661 3516 ab·
694 3469 849 3515 Homericum
859 3484 928 3516 versu
943 3465 1021 3516 dicere
1039 3485 1086 3516 non
1103 3469 1196 3533 potuit,

167 3557 243 3607 solute
259 3558 373 3623 ponitur,
395 3557 527 3607 hermatus
543 3563 579 3602 est
595 3555 665 3602 hono·
692 3552 727 3602 ad
747 3553 859 3601 Graecum
876 3563 900 3601 et
917 3555 1028 3602 rariorem
1043 3551 1197 3602 inflexionem

162 3643 250 3704 ἠ’ὀιιε,
268 3642 463 3707 magistratibus
477 3640 581 3688 summis
597 3654 666 3686 orne·
699 3639 816 3704 confugit.
836 3638 884 3687 Hoc
897 3655 966 3703 nege.
983 3637 1041 3685 Nam
1057 3639 1137 3684 statim
1151 3635 1198 3686 tibi

169 3735 219 3776 res.
244 3726 281 3774 lte
298 3726 376 3775 Cicero
396 3726 459 3775 Orat.
478 3724 509 3773 ad
524 3726 623 3773 Brutum
639 3726 664 3773 9.
697 3726 820 3774 Achillem
834 3724 991 3771 Ucreerierem
1003 3724 1029 3770 in
1044 3738 1114 3778 versu
1124 3722 1201 3772 Hexa-

162 3813 206 3864 ·At
234 3812 349 3860 mummi
377 3819 416 3859 est
440 3809 608 3877 (lhucydides)
636 3810 666 3857 ab
698 3819 774 3858 metro
798 3806 992 3874 repraesentabo:
1017 3808 1151 3870 Herem,
1173 3809 1201 3856 ei

170 3899 294 3960 manibus,
305 3897 406 3957 fateor:
418 3898 462 3946 scd
472 3899 525 3958 ito,
542 3904 573 3944 aet
585 3910 667 3943 rerum
691 3896 805 3957 sortasse
826 3894 924 3956 repertis
943 3893 1099 3941 Homericum
1113 3892 1199 3944 Achil·

170 3985 307 4050 erplieeter
321 3982 444 4046 penderes,
469 3997 583 4043 severus,
597 3996 668 4045 gro·
701 3982 756 4030 iera
771 3981 799 4027 ln
807 3975 979 4044 quovenuhic
987 3976 1049 4026 nihil
1058 3989 1094 4026 est
1102 3978 1201 4043 duri,et

171 4073 229 4121 cis:
258 4085 306 4117 aere
326 4075 357 4117 aet
379 4070 409 4116 ire
432 4069 538 4117 iudiciis
560 4075 672 4116 versaret
690 4057 791 4128 'uetita
803 4061 832 4112 ab
847 4061 955 4112 omnibus
970 4065 1046 4114 forma
1061 4063 1200 4120 adhibetur.

1051 4160 1071 4220 5
