2752 4844
535 376 845 436 serleonis

208 577 347 650 Vultum
372 576 473 648 verba
497 576 636 662 decent,
660 576 782 646 iratum
807 575 905 670 plena
928 578 1115 660 minarum,

173 817 236 849 nunc
261 801 394 866 disputavi,
412 802 498 847 mentis
518 799 568 847 acie
590 800 669 847 statim
702 813 747 862 que
763 798 847 846 inusti
867 798 1021 848 ridebuntur.
1046 797 1124 846 Cicero
1146 796 1199 844 vult

173 885 320 952 pervidebat.
335 885 574 934 Valckenaeriusiam
587 883 668 932 laude·
700 899 779 931 omnes
799 884 891 931 eosdem
911 894 995 932 metus.
1020 883 1136 931 Distinxit
1156 881 1200 929 hos

173 973 208 1020 vit
217 981 285 1019 vetus
297 971 389 1019 Seolion
404 987 509 1032 tarmen,
526 969 670 1035 quodmegis
702 979 792 1030 motus,
809 970 858 1016 suis
868 978 984 1033 quemque
1000 966 1141 1016 nominibus⁴
1160 966 1200 1014 Iu·

174 1066 304 1105 correctum
328 1056 416 1121 legitur
440 1058 465 1103 in
482 1054 585 1102 editione
610 1054 671 1101 dna·
702 1053 747 1101 dex
761 1054 864 1116 dolebit,
879 1055 975 1115 ederit,
991 1054 1128 1114 invidebit,
1140 1068 1199 1117 per·

174 1143 276 1190 creontis
284 1141 442 1189 Brunckiena:
461 1139 523 1188 Σύν
536 1157 579 1198 μοι
594 1130 669 1196 πῖνέ,
705 1141 831 1200 tieneseet,
860 1141 949 1203 flebit,
977 1139 1155 1201 miserabitur,
1170 1139 1200 1186 'si

173 1230 292 1292 συνήβα,
309 1226 434 1293 Συνέρα,
453 1225 669 1288 συνστεφανηφό-
702 1225 891 1286 oratordebebit,
902 1225 994 1287 flebit,
1011 1223 1136 1272 eteesdem
1150 1240 1198 1271 mo-

173 1329 227 1378 ρει,
252 1311 313 1361 Str
330 1330 374 1371 μον
391 1311 539 1376 μαινομένῳ
559 1311 667 1371 peiren,
701 1319 739 1356 tns
763 1311 858 1359 sentiet.
881 1309 908 1358 111
932 1325 978 1375 (suo
1002 1308 1067 1357 vides
1086 1325 1139 1356 eum
1164 1308 1199 1358 di-

171 1397 385 1463 Συνσωφρονὴσω
403 1396 524 1462 σώφρονι.
701 1396 811 1447 stinxisse
830 1397 922 1458 fletum
943 1395 1060 1443 adolere.
1093 1394 1141 1442 Hoc
1163 1402 1199 1442 est

205 1485 236 1532 Si
264 1485 304 1531 eris
328 1488 365 1530 me
381 1485 459 1546 flere,
484 1482 609 1530 debendum
630 1488 669 1528 est
700 1478 763 1528 illud
799 1480 933 1528 Aristotelis
960 1479 1057 1528 Rhetor.
1090 1479 1141 1542 111,
1174 1482 1197 1528 7.

174 1571 287 1617 Primum
311 1570 365 1633 ipsi
383 1570 439 1616 tibi.
463 1568 490 1614 ln
506 1568 569 1615 vitae
593 1567 671 1631 quoti-
704 1563 988 1624 Συνομονοπαθεῖᾶεὶ
1006 1562 1019 1612 ὁ
1040 1563 1141 1613 ἀκούων
1159 1563 1198 1631 τῷ

173 1654 256 1702 dianae
273 1671 318 1701 usu
340 1653 446 1701 homines
464 1652 545 1718 paullo
566 1652 671 1698 mitiores
703 1650 862 1714 tredemude,-
887 1649 1000 1712 λέγοντι.
1032 1648 1117 1697 Eadem
1140 1649 1199 1697 affe-

166 1741 246 1802 flenti
261 1740 360 1802 adflent.
395 1738 420 1785 Si
443 1740 468 1785 in
490 1736 618 1802 Tragoedia
633 1753 670 1783 me
692 1746 785 1784 'ctuum
801 1737 894 1784 nomina
910 1736 1080 1801 requiruntur,
1097 1734 1200 1801 ubiagi·

171 1826 206 1872 vis
217 1826 297 1887 flere,
320 1824 372 1871 dele
394 1825 460 1888 prius
481 1825 539 1888 ipse.
565 1822 608 1870 Hie
619 1823 673 1888 pri·
705 1832 745 1869 tur
762 1820 791 1869 de
813 1820 894 1868 eodem
912 1837 997 1883 sensu,
1015 1836 1085 1886 quem
1101 1821 1154 1886 quis
1171 1837 1199 1868 ex

173 1926 237 1957 mum
250 1926 296 1956 non
305 1908 405 1974 pulchre
418 1909 454 1956 ita
469 1909 587 1974 repetitur
594 1910 672 1970 flere:
703 1909 750 1955 ima
763 1916 842 1954 mente
850 1907 876 1954 in
888 1916 992 1954 mentem
1004 1905 1119 1954 auditoris
1126 1916 1201 1954 trans·

172 1994 256 2042 deinde
269 1995 349 2050 delere
367 2004 390 2042 et
401 1995 466 2057 flere
479 1993 602 2041 differunt.
621 1993 670 2040 Non
703 1991 793 2041 fundit.
811 1993 876 2041 Inter
885 1995 976 2055 fletum
993 1983 1018 2039 et
1033 1992 1138 2039 dolerem
1150 2009 1201 2040 sae·

171 2081 246 2127 omnis
261 2080 329 2148 deber
343 2079 427 2127 fletum
442 2080 539 2127 excitat.
556 2081 672 2127 Debemus
704 2095 734 2143 pe
762 2089 797 2126 est
821 2073 959 2136 discrimen}
982 2079 1046 2126 inter
1060 2079 1152 2140 fletum
1176 2087 1201 2127 et

172 2166 258 2226 etiam,
284 2181 337 2213 cum
361 2165 495 2213 irascimur.
525 2162 673 2211 Consuetudo
699 2165 806 2226 fleterne,
831 2165 934 2210 demrem
956 2173 980 2210 et
993 2164 1112 2226 delerem,
1133 2164 1155 2211 si
1170 2165 1201 2211 si-

175 2251 285 2314 castigati
300 2250 413 2296 sermonis
426 2250 520 2296 omnine
533 2248 638 2313 postulat
653 2249 673 2294 si
705 2248 827 2312 gnificatio
845 2258 869 2295 et
885 2249 1002 2295 sententia
1018 2258 1131 2313 apparet,
1147 2248 1202 2296 nul·

174 2336 210 2382 vis
231 2351 269 2382 me
288 2335 382 2396 delere,
407 2334 534 2383 dolendum
558 2343 594 2380 est
619 2331 673 2380 eibi.
707 2332 756 2380 lum
774 2342 808 2380 est
825 2331 958 2380 discrimen.

172 2419 210 2468 Sic
229 2421 300 2468 etiem
321 2419 459 2484 ambiguum
474 2418 669 2484 significationis,
735 2418 837 2466 Tristia
857 2425 975 2467 moestum
1006 2421 1103 2467 antnm
1129 2423 1202 2469 verba

172 2505 235 2571 quod
248 2522 311 2553 nnnc
328 2515 363 2553 est
382 2506 408 2553 in
424 2502 549 2552 vocabulis
559 2503 671 2566 diversis,
705 2503 798 2552 decent.
815 2502 928 2569 Equidem
942 2506 987 2553 ista
999 2498 1202 2572 nunquamaequo

174 2591 275 2639 tollitur.
290 2589 446 2638 Scribendum
457 2600 527 2654 puto:
549 2589 581 2636 Ut
594 2589 676 2636 riden-
707 2589 854 2636 animoferre
863 2590 939 2654 potui.
949 2590 1052 2652 Natura,
1061 2593 1108 2654 ait,
1117 2609 1159 2640 nes
1166 2594 1204 2641 in-

174 2679 240 2724 tibns
256 2677 383 2737 arrident,
400 2676 441 2722 ita
448 2675 571 2738 flentibus
579 2675 673 2737 adflent
706 2673 840 2721 tusfermat
856 2672 885 2722 ad
901 2674 1019 2723 laetitiam
1028 2685 1052 2723 et
1060 2692 1204 2740 moerorem,

173 2763 285 2810 Humani
305 2763 402 2808 veltet:
426 2775 464 2806 me
480 2761 550 2806 eisne
575 2755 674 2807 delere?
707 2768 760 2822 post
776 2758 874 2823 lingna,
890 2761 964 2807 animi
979 2761 1109 2825 interpres,
1126 2772 1204 2810 metus

173 2847 299 2895 debendum
312 2854 351 2893 est
366 2846 480 2892 Primum
491 2845 545 2908 apsi
562 2844 619 2892 tibi.
641 2843 673 2890 Il·
705 2845 778 2891 animi
802 2843 881 2891 effert.
902 2844 1002 2892 Tristem
1018 2847 1093 2910 igitur
1109 2849 1204 2895 mtrem

173 2929 216 2979 lud
233 2933 258 2978 se'
273 2931 337 2978 nasci
352 2932 431 2995 potuit
449 2946 478 2976 ex
494 2929 672 2993 interpretatio·
705 2928 790 2977 decent
806 2930 884 2977 tristia
896 2928 977 2978 verba.
999 2930 1048 2978 Non
1064 2930 1133 2979 video
1149 2934 1203 2998 quis

174 3031 216 3064 ne:
243 3016 329 3078 cisne,
355 3016 381 3062 si
401 3017 449 3063 vis.
472 3015 514 3062 Me
534 3015 618 3076 eisne,
643 3024 672 3061 ut
704 3013 743 3062 hic
764 3014 830 3063 locus
845 3017 877 3063 sit
895 3017 986 3064 enltne'.
1010 3017 1203 3082 Exspectavcram

173 3101 296 3149 Terentius
311 3100 402 3166 Hecyra
416 3099 458 3162 It,
471 3112 509 3161 tv,
528 3101 672 3162 libauisse
704 3107 823 3163 mentem,
856 3101 972 3150 animum.
1006 3102 1081 3168 Vulgo
1105 3103 1201 3168 quidem

175 3188 259 3235 edesse
274 3201 312 3234 me
332 3181 407 3232 nne?
430 3184 538 3232 notente
554 3201 568 3233 a
583 3184 671 3232 FLERE
703 3185 784 3233 vultus
792 3187 919 3250 imaginem
932 3188 1005 3235 animi
1018 3187 1201 3255 reddit,quam-

176 3289 222 3321 non
238 3271 341 3320 multum
357 3270 416 3318 abit.
441 3269 476 3317 sd
493 3268 672 3318 confirmandam
705 3286 775 3336 wem
797 3280 822 3319 et
846 3271 906 3336 fingi
925 3282 1020 3337 potest,
1044 3283 1073 3322 ut
1096 3275 1202 3341 fingebat

175 3360 335 3406 coniecturam
360 3356 436 3404 multa
460 3354 536 3403 babeo
558 3365 613 3421 apta
634 3372 674 3404 ex·
705 3356 808 3417 deneas,
829 3373 895 3420 spem
910 3360 977 3406 velte
993 3361 1132 3423 simulans,
1143 3377 1202 3425 pre-
1287 3370 1289 3376 '

175 3443 268 3509 empla,
290 3443 399 3507 inprimis
419 3440 482 3489 illud
506 3441 621 3489 Ciceronis
645 3439 675 3488 de
707 3442 756 3488 mit
779 3443 831 3490 atto
846 3443 915 3490 eorde
935 3445 1052 3493 delerem:
1068 3445 1109 3493 sed
1123 3462 1151 3493 ea
1167 3457 1203 3496 est

175 3529 269 3578 Oratore
287 3528 322 3590 11,
336 3530 376 3576 45.
402 3528 486 3590 Neque
495 3529 559 3587 fieri
570 3533 672 3591 petest,
706 3528 779 3575 tacita
794 3528 879 3594 imago.
896 3529 980 3578 Vultus
995 3548 1042 3579 non
1058 3533 1136 3580 utitur
1149 3548 1206 3580 vern

175 3623 206 3662 nt
221 3616 302 3663 deleat
317 3617 356 3677 is,
374 3615 418 3677 qni
431 3613 518 3673 aedit,
533 3620 563 3659 et
577 3613 672 3674 ederit,
707 3614 751 3661 bie.
770 3615 797 3660 Et
813 3613 852 3675 bie
868 3616 948 3680 agitur
964 3615 993 3664 de
1011 3618 1129 3666 eratione.
1146 3616 1202 3666 ldeo

174 3707 205 3746 nt
224 3700 354 3761 inrideat,
385 3707 416 3746 eet
434 3700 598 3762 pertimescat
624 3699 673 3744 eti-
705 3708 729 3745 et
743 3714 795 3746 mox
805 3697 876 3749 dicit:
893 3701 981 3749 Natura
992 3703 1054 3749 Pest
1062 3703 1135 3764 effert
1147 3705 1202 3750 ani-

175 3784 250 3847 qnid,
272 3791 303 3831 eet
317 3785 350 3831 ad
358 3785 450 3846 fletum
465 3782 673 3831 misericerdiam·
704 3785 742 3831 mi
764 3792 844 3833 metes
867 3786 1005 3850 interprete
1026 3788 1127 3852 lingna,
1154 3806 1201 3838 non

174 3885 220 3934 que
238 3869 384 3918 dederetur:
407 3870 462 3917 nisi
479 3884 558 3917 rennes
579 3874 604 3915 et
624 3883 672 3916 me·
704 3869 842 3932 interprete
865 3872 944 3918 velte.
974 3872 1061 3919 Vultus
1082 3871 1128 3922 hoc
1148 3872 1200 3923 leco

176 3963 231 4016 tres,
249 3969 306 4018 ques
324 3963 406 4002 erater
424 3955 538 4002 adbibere
554 3954 618 4000 relat
633 3953 672 4000 in·
704 3954 836 4018 significare
854 3953 951 4002 debebit
964 3955 1002 4003 vel
1018 3959 1141 4022 estiment,
1158 3978 1203 4026 per

175 4043 244 4102 diei,
270 4042 299 4087 in
317 4041 371 4103 ipse
390 4047 484 4088 eretere
499 4039 616 4103 impressi
631 4046 669 4102 ett-
702 4041 904 4104 consequentiam,
914 4041 951 4088 vel
960 4043 1055 4089 vetitum
1063 4046 1157 4110 proprie
1165 4046 1202 4092 ita
