2752 4844
517 385 576 444 Aa
607 385 825 447 Pisanus,

199 589 394 684 Spectatum
418 587 552 659 admissi
577 591 683 662 risum
707 591 845 662 tenentis
869 586 993 660 amici?

166 820 212 873 qne
230 823 278 855 nen
299 804 373 853 stulte
386 805 474 870 fingere
491 807 568 871 velis,
589 811 615 857 in
630 825 654 857 se
688 811 772 871 noris,
788 809 888 872 poetica
908 805 1052 871 vulgaribus
1066 804 1178 851 misceat.

165 893 272 941 continet
287 889 347 938 haec
361 901 440 938 nostra
456 890 539 952 lectio;
559 903 583 942 et
599 894 653 959 plu·
684 896 716 942 Id
735 896 801 941 enim
817 895 867 941 tale
883 900 922 941 ost
938 901 1087 953 monstram,
1109 892 1179 954 qualo

164 994 192 1027 re
215 978 317 1042 utique,
347 992 417 1042 quem
446 977 570 1043 vulgatum
593 978 656 1028 illud
688 981 811 1027 Horatius
833 982 863 1027 in
878 981 964 1044 prima
980 984 1055 1042 parte
1072 978 1133 1024 ritu·
1149 977 1178 1023 de

163 1064 261 1126 ptumus
278 1061 317 1110 vel
335 1077 436 1124 pennas.
467 1063 559 1128 Quippe
578 1081 607 1113 ex
620 1081 661 1112 aa·
692 1065 755 1114 Arte
772 1067 873 1112 Portica
888 1065 989 1129 fingit,
1014 1064 1126 1110 Humano
1141 1079 1180 1110 ca·

164 1149 218 1195 riis
225 1146 320 1207 formis
333 1155 357 1193 et
373 1147 428 1193 uias
443 1149 464 1195 si
476 1150 524 1211 vis,
543 1160 567 1196 et
583 1149 654 1215 pedes
682 1154 739 1215 piti
753 1154 871 1199 ceruicem
881 1153 967 1215 pictor
982 1150 1095 1212 equinam
1118 1149 1179 1196 Iun·

166 1243 191 1281 et
205 1232 297 1281 dorsum
314 1241 338 1279 et
348 1243 455 1280 ventrem
467 1233 595 1300 adiungere
606 1247 659 1302 pot·
687 1254 748 1303 gere
763 1241 789 1286 si
804 1240 880 1300 vetit,
896 1245 921 1284 ct
936 1244 1018 1284 cetera
1032 1251 1063 1283 er
1071 1236 1180 1283 diversis

165 1321 228 1379 eris;
254 1328 283 1366 nt
299 1335 378 1367 omnes
401 1319 491 1387 Scyllas
515 1333 540 1370 et
554 1322 659 1372 Chimee·
690 1328 791 1373 naturis
802 1325 932 1373 subiiciat.
949 1322 1049 1371 Adverte
1062 1323 1179 1383 animum,

165 1422 203 1455 res
221 1407 335 1453 varietate
352 1414 489 1455 naturarum
505 1408 576 1456 facile
593 1420 659 1458 ente·
691 1420 719 1458 ut
735 1412 843 1459 diversis
857 1411 958 1458 naturis
974 1407 1049 1455 dicet:
1070 1422 1180 1471 magnum

166 1493 246 1542 cellut.
263 1492 290 1540 Si
307 1493 373 1557 quis,
391 1493 484 1557 inquit,
500 1492 603 1543 humano
620 1513 657 1544 ce·
689 1499 773 1563 utique
790 1506 968 1563 argumentum,
982 1511 1029 1542 non
1043 1493 1113 1541 aliter
1126 1498 1180 1539 eum

166 1583 214 1647 piti
229 1582 344 1629 cervicem
361 1581 470 1644 equinam
480 1579 570 1653 taddei,
588 1592 613 1630 et
626 1584 659 1631 sic
691 1582 748 1630 olim
761 1582 859 1646 legisse,
878 1598 948 1646 quem
961 1598 1006 1629 nos
1015 1579 1086 1627 hodie
1103 1596 1181 1626 emen·

135 1655 136 1658 ¹
167 1685 236 1734 porro
250 1669 326 1716 varies
339 1668 426 1715 formas
439 1664 659 1716 inducetmembris
691 1668 785 1716 damus:
806 1671 827 1716 si
847 1667 944 1734 quidem
968 1665 1065 1730 perinde
1083 1663 1109 1712 id
1131 1673 1180 1725 est,

166 1752 272 1818 undique
297 1751 408 1811 collatis,
435 1750 470 1798 ita
485 1761 514 1799 ut
529 1753 555 1799 in
572 1755 660 1818 piscem
692 1774 719 1805 sc
734 1758 755 1805 si
771 1756 883 1817 dixisset,
906 1754 943 1802 Et
955 1761 1037 1801 cetera
1053 1768 1084 1800 en
1099 1753 1182 1799 uariis

166 1838 272 1900 desinet,
297 1854 358 1904 quae
383 1842 461 1905 capite
486 1843 573 1891 mulier
598 1853 656 1892 eret.
682 1843 779 1903 somnis
794 1843 922 1890 subiiciat.
937 1840 989 1905 Ipse
1004 1837 1182 1902 deniqueFlee·

165 1924 238 1972 Recte
254 1935 334 1972 eutem
350 1925 465 1974 inducere
472 1928 572 1988 forneus
586 1944 659 1976 mern·
691 1945 745 1991 eus,
764 1944 816 1975 cum
832 1926 944 1992 epodcsin
965 1943 1006 1984 seu
1022 1925 1181 1974 redditionem

166 2011 232 2072 tris,
249 2019 278 2057 ut
293 2009 389 2058 Ovidius
405 2013 461 2062 Met.
477 2013 534 2075 Vll,
557 2016 613 2063 624.
631 2013 660 2062 de
693 2014 825 2060 sententiae
839 2013 898 2059 fecit
913 2028 936 2060 v.
955 2014 985 2072 8,
1001 2013 1074 2058 cuius
1090 2026 1183 2072 name,

165 2096 275 2145 Formicis
288 2096 545 2146 inhominesmutetis:
564 2098 659 2146 Etmu
690 2102 783 2166 inquit,
801 2103 935 2166 fingentur
955 2099 1064 2162 speeies,
1088 2104 1119 2144 ut
1141 2111 1185 2144 nec

165 2185 228 2230 ciem
252 2197 423 2244 nunmrumque
439 2184 529 2245 pedum
547 2184 660 2246 nigrum·
687 2203 734 2250 pes
747 2187 927 2249 nec'eaputuni
940 2184 1068 2232 Reddatur
1084 2182 1184 2230 formae.

165 2286 209 2334 quo
225 2271 327 2318 colorem
351 2271 457 2330 Ponere,
482 2275 507 2314 et
528 2269 656 2314 isunmrmm
688 2270 773 2334 Utique
798 2285 852 2316 eum
870 2270 896 2315 in
918 2270 1046 2333 posteriore
1071 2268 1183 2315 cretionis

164 2354 275 2403 membris
288 2353 399 2404 inducere
415 2354 522 2401 sormam.
539 2351 578 2399 Sic
587 2353 660 2400 indu·
692 2352 767 2418 κώλῳ
782 2355 829 2400 uni
852 2352 1032 2413 dimiserimus,
1054 2353 1095 2400 rix
1111 2352 1183 2399 eliter

165 2457 218 2489 core
230 2441 343 2503 sociem,
368 2441 423 2489 Met.
445 2439 486 2501 IV,
508 2441 565 2488 374.
599 2441 658 2486 Vota
690 2443 716 2489 in
748 2442 826 2507 priore
851 2438 955 2487 membre
985 2438 1063 2487 dicere
1088 2441 1183 2504 potuit,

166 2545 223 2577 suos
238 2531 341 2577 tabuere
354 2531 423 2594 deos,
436 2548 494 2579 nam
509 2533 659 2580 mintaduo-
691 2545 761 2594 quem
785 2529 872 2575 uarias
884 2528 991 2588 formias.
1027 2527 1134 2575 Ceterum
1149 2529 1183 2580 ¹in

166 2629 221 2661 rum
238 2615 344 2678 Corpore
364 2617 520 2682 iunguntur5
538 2621 658 2684 faciesque
692 2630 761 2661 versu
775 2614 847 2660 tertio
860 2630 902 2678 pro
919 2620 1001 2661 atrum
1012 2616 1108 2678 piscem
1128 2614 1185 2661 (iro-

166 2698 288 2748 inducitur
305 2702 363 2750 iilis
383 2704 443 2753 Uno.
468 2704 506 2752 Sic
526 2714 550 2753 et
564 2707 661 2752 trahere
693 2701 776 2749 novius
797 2708 866 2763 peter
881 2697 974 2748 Observ.
993 2700 1017 2761 I,
1038 2703 1086 2762 18,
1103 2710 1128 2748 et
1144 2701 1185 2748 Ni·

160 2787 277 2849 sarmas,
302 2788 414 2838 Prudent.
439 2789 565 2855 Apotheos.
589 2792 660 2838 1037.
695 2787 739 2836 col.
757 2787 865 2834 Heinsius
882 2787 907 2832 in
924 2785 1012 2834 Codicis
1027 2788 1184 2850 suimergine

121 2904 124 2909 -
167 2876 250 2922 arania
261 2877 334 2922 iussu
345 2877 510 2939 Imperitante
523 2891 598 2922 noras
612 2885 660 2922 tre·
692 2874 726 2920 sic
737 2873 817 2936 potius
832 2869 957 2935 legendum
973 2874 1134 2937 suspieentur:
1153 2881 1184 2920 ut

167 2970 255 3010 xerunt
268 2961 337 3008 odito
352 2961 446 3009 formas.
475 2961 564 3006 Varias
579 2969 659 3008 eutem
692 2961 802 3022 turpiter
817 2964 898 3004 atram
919 2959 1029 3006 Desinat
1042 2960 1071 3006 in
1087 2960 1181 3022 pristim

161 3046 273 3108 saunas,
306 3054 334 3093 ut
358 3045 423 3095 Idem
446 3048 575 3111 Hamartig.
599 3049 656 3096 291.
689 3050 780 3096 mulier
787 3047 899 3108 formosa
910 3062 1020 3110 superne.
1038 3048 1130 3111 Quippe
1142 3050 1179 3095 ite

168 3132 280 3180 Additur
294 3149 353 3196 ars,
377 3141 407 3181 ut
413 3136 464 3195 flia
487 3136 569 3183 herbis
589 3141 658 3181 satu-
687 3132 799 3199 Virgilius
824 3142 848 3180 et
863 3132 1003 3181 Claudianus
1023 3133 1052 3181 de
1067 3134 1178 3190 Tritones

168 3226 226 3265 rata
249 3221 353 3277 recoctis
380 3221 500 3269 Inludant
522 3224 597 3270 varies
621 3223 659 3269 di·
690 3219 734 3266 ille
750 3219 807 3266 Aen.
824 3218 863 3280 X,
888 3221 946 3275 2113
970 3219 1009 3266 hic
1034 3219 1062 3267 de
1087 3220 1181 3283 Nuptiis

168 3307 261 3354 stincto
275 3310 382 3356 stamine
397 3308 495 3356 formes:
517 3307 582 3356 Ovid.
603 3307 658 3355 Met.
691 3306 788 3353 Honorii
808 3322 831 3354 v.
857 3307 911 3355 147.
928 3307 971 3352 cui
985 3307 1090 3353 interum
1112 3313 1183 3353 tenens

169 3391 216 3454 xl,
230 3395 286 3441 613.
305 3392 333 3441 de
346 3392 430 3440 Somno
445 3395 504 3442 Deo:
522 3395 594 3442 IIunc
609 3395 667 3442 cir-⁹
690 3395 791 3458 hispida
805 3396 880 3442 nanti
893 3395 1099 3443 Fronshmninem
1107 3408 1181 3457 prae·

169 3493 198 3527 oa
216 3480 314 3542 possim
335 3479 411 3527 verius
425 3480 558 3526 imitantia
574 3480 659 3526 formes
682 3481 756 3541 fert,
789 3481 819 3526 in
846 3482 954 3544 pristim
983 3479 1079 3526 domuit
1101 3479 1183 3529 uivus.

171 3563 272 3612 Smnuia
303 3581 366 3612 oona
389 3567 490 3613 iacent:
513 3564 569 3627 XV,
603 3566 657 3613 137.
692 3566 802 3629 Hispida
835 3566 948 3613 tondedat
971 3566 1043 3626 bifido
1071 3565 1182 3626 vestigia

172 3652 281 3699 animam
297 3654 335 3700 sic
356 3668 450 3717 semper
463 3652 563 3699 eandem
581 3650 660 3714 Essa,
694 3668 784 3716 cornu,
803 3653 857 3711 Quo
869 3655 966 3716 pristis
978 3653 1105 3700 cornmissa
1118 3652 1181 3699 otro.

171 3737 216 3783 sed
229 3738 258 3783 in
270 3739 346 3786 varim
362 3739 430 3789 doceo
441 3741 551 3804 migrare
558 3740 659 3803 figures:
692 3739 776 3787 Verum
792 3756 846 3787 eum
859 3738 941 3787 eodem
957 3749 1025 3804 paeto
1039 3738 1118 3786 decem
1132 3755 1181 3786 em-

173 3831 198 3870 et
211 3823 236 3870 in
252 3820 331 3871 Ibide:
351 3826 428 3889 thue
436 3826 660 3890 patersolitaeve·
692 3825 755 3891 plius
771 3826 871 3874 aliorum
890 3836 1012 3892 poetarum
1032 3824 1084 3872 loca
1100 3833 1181 3873 contre
1263 3844 1266 3851 ¹

172 3910 220 3958 ries
242 3916 339 3957 mutare
358 3912 453 3977 figures.
475 3915 544 3961 Porro
569 3913 661 3976 Quinti·
692 3911 763 3959 fidem
779 3911 885 3960 codicum
901 3908 1045 3959 immutanda
1060 3910 1121 3970 sint,
1135 3925 1184 3956 me·

172 3995 251 4044 lienus
263 3996 326 4058 vill,
343 3998 367 4045 3.
390 3999 485 4047 Vitium
500 4006 553 4062 oet,
569 3999 660 4062 inquit,
694 3996 741 4045 lius
762 4005 797 4043 est
815 4011 909 4043 manum
933 3995 1063 4053 abstinere;
1090 3992 1119 4042 de
1136 4008 1183 4058 quo

173 4082 199 4128 ei
213 4083 271 4145 quis
285 4082 403 4133 sutrium
419 4085 566 4146 humilium,
580 4091 664 4132 vetera
696 4081 803 4144 consule,
825 4097 879 4130 cum
899 4097 984 4148 secas,
1008 4082 1186 4132 disertissimum
