2752 4844
190 390 228 449 56
449 382 662 443 HOHATII
693 381 936 440 EPISTULA

216 589 402 659 Lndeutem
425 586 568 668 lasciva,
593 605 743 653 severum
765 584 847 651 seria
872 582 1000 655 dictu..

185 811 289 874 dictum,
299 812 496 874 frontem,genas
505 844 512 870 ,
521 824 560 867 os,
574 807 681 870 inprimis
713 817 810 867 cumque
825 805 869 851 illi
884 813 969 865 eruut,
991 805 1056 868 apud
1076 821 1133 869 quos
1149 823 1205 871 age-

185 898 271 944 ooulcs.
289 895 314 944 Si
329 896 446 961 significat
463 895 585 953 animum,
601 900 682 956 quate·
714 906 780 952 mus,
790 890 1048 953 ‘motioaomottenm
1060 907 1139 952 amor,
1154 893 1204 939 odi·

183 997 228 1029 nus
244 983 335 1029 animus
350 983 376 1029 in
392 980 462 1028 uultu
479 977 623 1038 declaratur,
640 975 680 1023 ob·
712 992 766 1038 um,
783 976 928 1037 iracundia,
941 977 1053 1039 invidia,
1067 980 1205 1025 misericor-

182 1068 315 1115 srurius'et
335 1067 404 1114 nimis
420 1062 528 1129 ambigue
545 1062 607 1110 dixit
623 1079 679 1126 poe·
710 1063 766 1123 dia,
781 1077 847 1125 spes,
862 1063 977 1123 laetitia,
988 1064 1202 1125 timor,molcstia.

183 1152 308 1217 ta,.quod
323 1151 455 1215 simplicius
471 1165 498 1196 ac
522 1149 600 1195 verius
622 1157 674 1211 pot·
706 1147 865 1209 Quintilianus
877 1146 1045 1207 lustit.XI,l.
1066 1149 1205 1206 Quidcuim
1240 1164 1242 1167 ’

184 1236 496 1285 uissemtriotiamoootam
510 1233 679 1280 Mcutcmocr·
705 1232 819 1295 prodest,
841 1247 893 1279 csse
916 1233 986 1278 cerda
1010 1241 1035 1280 et
1055 1235 1161 1296 Latina,
1180 1242 1205 1282 et

184 1321 213 1367 da
223 1322 320 1368 'deccat
337 1320 363 1367 Si
370 1321 447 1380 frons,
465 1334 551 1382 genae,
569 1334 606 1379 os,
624 1333 678 1364 ocu·
709 1318 897 1381 significantia,
914 1317 1045 1378 atuitidu,
1052 1320 1204 1382 figuriscti·

181 1405 202 1453 li
233 1405 416 1470 intelligantur,
454 1397 573 1450 seutentia
601 1403 677 1449 oritur
709 1417 749 1448 am
764 1403 917 1466 numerisque
932 1403 1067 1463 edideram,
1081 1406 1136 1451 uisi
1150 1420 1204 1452 oum

181 1489 211 1537 ab
233 1492 329 1555 ingenio
351 1491 424 1537 totius
448 1487 565 1553 Epistulae
590 1487 675 1536 aliena.
708 1488 757 1548 iis,
775 1489 804 1534 iu
821 1503 881 1550 quac
896 1488 1002 1535 iudicem
1017 1489 1075 1536 duci
1083 1488 1204 1548 formari-

181 1575 238 1622 Nam
259 1575 368 1623 Horatius
383 1576 418 1622 ita
440 1574 577 1639 loqueretur
593 1571 622 1620 de
639 1574 676 1619 lci-
708 1588 752 1636 qtce
777 1575 898 1634 aodimus,
918 1572 1094 1622 curmontium?
1115 1575 1140 1622 si
1160 1591 1203 1639 ge-

179 1661 315 1708 striom'dua
336 1668 362 1708 ct
382 1661 486 1707 actione.
511 1657 556 1707 Sed
580 1656 609 1705 ab
629 1657 673 1704 hoc
706 1673 753 1704 uus
765 1659 867 1705 sublime
880 1660 979 1707 dicendi
986 1661 1076 1723 parvis
1091 1662 1120 1707 ia
1135 1677 1203 1708 caus·

179 1756 317 1810 argumento
334 1755 384 1794 tota
400 1744 517 1810 Epistulae
530 1741 620 1791 indoles
634 1742 679 1790 ab·
711 1745 762 1804 sis,
771 1759 877 1807 parrum
890 1730 1048 1808 limatumque
1057 1747 1202 1810 grandibus,

178 1828 268 1879 horret.
297 1832 347 1879 Non
368 1830 409 1878 dat
431 1837 556 1894 praecepta
578 1830 659 1875 actori
667 1865 674 1888 ,
707 1829 799 1875 lactum
813 1831 944 1891 tristibus,
962 1832 1015 1878 lenc
1030 1834 1140 1895 asperia,
1157 1835 1203 1880 mi-

177 1915 219 1963 sed
236 1925 331 1979 pactae.
357 1916 449 1962 Interea
466 1924 543 1961 tamen
567 1912 677 1959 nonnulli
708 1929 759 1959 aaa
779 1916 942 1977 simplicibus,
961 1918 1106 1964 summissum
1125 1921 1203 1967 corcai-

178 2002 213 2048 sic
231 2003 347 2064 accepisse
363 1999 486 2059 videntur,
503 1997 579 2044 veluti
595 1998 677 2044 Doriu-
709 1999 785 2058 tatis,
800 2004 859 2044 trau
866 2007 939 2061 atquc
948 2003 1080 2048 violentum
1088 2004 1203 2052 iuer-mdis

178 2085 246 2148 gius,
261 2086 286 2132 in
300 2084 424 2132 utilissimo
436 2082 480 2129 illo
490 2081 677 2129 adolescentibus
709 2080 882 2130 adhibeamus?
887 2084 949 2148 Quae
958 2087 978 2141 si
985 2087 1020 2134 ita
1028 2087 1084 2151 siut,
1093 2087 1203 2152 quemad·

183 2165 361 2218 iommentario:
396 2168 502 2215 »Verbis
534 2167 675 2230 respondero
706 2167 800 2216 modum
817 2167 949 2234 disputavi,
963 2182 1096 2237 corruptam
1112 2178 1203 2240 accepi-

179 2250 247 2302 dcdct
261 2257 358 2317 cultris,
375 2254 508 2315 uictuma,
526 2269 585 2315 quac
594 2254 675 2300 cordis
706 2269 757 2301 nnus
768 2255 907 2320 scripturam
917 2258 1017 2305 Tristia
1024 2268 1140 2307 moestum
1148 2261 1202 2307 Vul-

175 2342 361 2403 caprimuatur,
386 2340 560 2402 omnpositus.”
592 2337 668 2385 Habet
702 2342 834 2387 tumacrda
842 2341 1200 2409 decent:proquareponendum

175 2424 272 2489 vulgata
293 2424 365 2471 lectio
391 2424 462 2469 etiam
481 2421 528 2468 ulia
548 2423 673 2467 incommo·
706 2423 817 2469 couiiuio:
838 2426 937 2471 Tristia
956 2435 1086 2489 moestum,
1099 2431 1201 2477 Laetum

177 2508 215 2556 da.
232 2510 317 2555 Tristia
333 2506 404 2555 verba
418 2505 502 2552 decent
512 2506 605 2550 aalma
613 2520 674 2551 moe·
706 2507 899 2555 urdenaticccut.
910 2508 1031 2557 Hominem
1039 2523 1153 2562 moestum
1162 2514 1201 2562 de-

175 2601 255 2654 atum,
270 2594 365 2639 vultum
373 2591 495 2638 ludentem
510 2588 603 2636 lasciva.
622 2589 675 2636 Vul-
709 2577 747 2637 cet
768 2592 842 2639 oratio
868 2593 956 2656 tristis,
978 2594 1096 2645 hominem
1112 2599 1200 2650 laetum

177 2686 216 2724 tus
232 2677 334 2738 iudeus,
355 2692 402 2723 nou
421 2672 527 2721 dixerim.
550 2674 672 2736 Horatius,
706 2676 780 2722 oratio
802 2677 893 2738 faceta,
915 2689 1027 2743 venusta,
1050 2686 1134 2747 comis,
1157 2687 1200 2735 hu-

176 2762 259 2825 credo,
276 2762 409 2810 maluisset:
426 2760 549 2808 Ludcatcs
563 2761 671 2822 lasciva,
705 2777 786 2824 mapa,
796 2761 835 2809 hic
849 2763 900 2811 illic
914 2765 1003 2828 iocosa,
1019 2768 1090 2816 verbo
1099 2774 1199 2821 urbana.

176 2864 271 2896 severos
286 2849 354 2896 aeria
370 2847 447 2894 dictu.
476 2845 581 2910 Denique
602 2845 676 2892 norni-
707 2845 824 2898 Vocabula
833 2849 921 2897 tristis
929 2854 1067 2902 etarlaaus
1075 2866 1122 2904 tam
1131 2874 1199 2923 saepe

175 2944 262 2982 uantur
283 2934 344 2982 varii
364 2934 493 2980 animorum
509 2929 626 2991 affectus,
643 2929 672 2977 ad
705 2929 735 2978 ab
748 2931 919 2997 interpretibus
934 2935 964 2984 ad
980 2937 1060 3002 plures
1076 2944 1200 3008 scriptores

175 3017 378 3086 quosverbasuut
392 3014 568 3066 conformanda:
586 3015 670 3076 aliter,
704 3016 822 3081 explicata
850 3030 918 3082 sunt,
941 3032 968 3069 ut
992 3035 1070 3073 actum
1091 3045 1199 3093 agerem,

175 3105 224 3166 ait,
241 3104 360 3168 'loquatur
379 3109 500 3162 moestus,
524 3102 619 3161 iratus,
637 3102 672 3147 la·
705 3103 726 3148 si
742 3101 799 3166 quid
812 3102 913 3153 adiicere
927 3107 1019 3158 vellem.
1034 3110 1081 3158 Hoc
1093 3122 1197 3160 tantum:

175 3191 246 3250 deus,
263 3204 369 3236 severus.
391 3176 434 3234 Hic
450 3202 523 3233 unum
538 3203 566 3234 ex
583 3186 673 3250 praeci·
706 3188 794 3235 tristis
810 3190 903 3252 oratio,
924 3209 971 3240 uon
987 3195 1054 3242 valde
1071 3195 1153 3244 differt
1169 3198 1198 3245 ab

174 3275 230 3343 puis
238 3274 311 3321 animi
319 3271 459 3332 affectibus,
473 3271 614 3332 laetitiam,
624 3287 672 3318 esse
706 3273 810 3320 oratione
829 3290 927 3337 severu-
950 3288 974 3325 et
992 3280 1079 3326 tristis
1095 3297 1121 3328 ac
1135 3297 1199 3329 scoe-

177 3360 300 3420 omissum,
318 3374 413 3418 omnes,
430 3354 515 3418 oredo,
532 3373 624 3412 mecum
637 3358 672 3404 iu·
705 3372 750 3404 rus
759 3373 828 3423 saepe
836 3359 918 3408 iuncta
930 3365 1093 3427 reperiuntur,
1108 3376 1135 3413 ut
1144 3384 1165 3416 v.
1177 3386 1197 3416 c.

176 3444 345 3510 dignabuntur.
372 3442 442 3490 Nemo
458 3457 562 3506 unquam
586 3441 672 3488 intuli
704 3443 730 3489 in
745 3443 1199 3515 NepotisEpamiuonda2.quitriatem

176 3530 334 3596 disputatione
354 3528 445 3588 omisit,
469 3543 546 3592 neque
563 3528 670 3574 omittere
704 3534 729 3573 ot
745 3543 853 3575 severum
873 3546 954 3578 sanem
971 3535 1198 3601 ornailuoacquali-

175 3618 266 3682 potuit,
283 3617 325 3680 qui
338 3612 433 3679 quidem
446 3611 506 3660 bena
524 3612 670 3676 cogitaverit.
704 3613 748 3658 dus
768 3614 797 3659 iu
814 3614 1001 3674 familiaritate
1029 3626 1196 3685 anteponetur,

115 3712 118 3716 ’
175 3703 253 3750 Lecta
267 3711 291 3748 et
305 3700 396 3747 tristia
409 3715 499 3763 semper
512 3706 670 3761 opponuntur.
704 3695 748 3744 ubi
761 3697 830 3763 plura
842 3698 985 3751 Gebhardus.
999 3704 1109 3768 Inprimis
1118 3721 1196 3758 autem

173 3785 266 3851 Scripta
281 3785 397 3834 Ciceronis
409 3793 432 3831 et
441 3781 581 3847 Quintiliani
595 3796 671 3828 exem·
704 3798 745 3829 nos
761 3783 827 3832 iuvat
844 3784 906 3833 illud
922 3787 1021 3850 Quintil.
1039 3790 1115 3841 Institi
1134 3795 1195 3844 Orat.

173 3870 220 3935 plis
233 3869 362 3919 abundant.
379 3868 457 3916 Cicero
466 3866 494 3914 de
507 3864 668 3927 cratium.
701 3865 759 3916 llll.
773 3870 796 3917 3,
819 3871 885 3917 Nam
895 3874 1006 3934 primum
1022 3884 1061 3924 cst
1075 3887 1105 3926 ut
1121 3882 1198 3944 lique.

171 3956 355 4018 Namquouium
364 3956 421 4002 lurco
424 3953 481 4013 fera
488 3952 596 3998 maniam
602 3957 670 4012 aaut,
703 3959 745 4012 at,
753 3941 842 4018 augere
849 3957 910 4018 quid
916 3961 1019 4008 velimus
1031 3979 1063 4009 aa
1072 3967 1196 4024 minuere;

172 4047 233 4111 aaut
245 4041 274 4085 in
290 4040 399 4086 iudicum
413 4039 519 4097 animia,
536 4043 594 4097 aut,
613 4037 666 4098 qui·
698 4039 820 4086 amicitate
835 4041 915 4089 dicore
931 4059 964 4091 un
979 4049 1116 4111 moderata,
1134 4053 1196 4098 lacte
