2752 4844
179 394 237 455 166
437 395 648 456 floalsll
679 396 926 455 EPISTOLA

203 597 311 685 Quom
335 618 415 666 vcro
435 598 595 692 arripuit,
620 604 711 667 tenet
734 594 922 689 occiditque
946 595 1107 689 legendo,

123 732 127 741 ‘
202 716 276 786 Non
300 716 441 784 missura
466 724 597 805 cutem,
622 716 685 784 nisi
709 714 808 808 plena
831 714 977 804 cruoris,
1000 713 1135 785 hirudo.

206 961 281 1018 Quom
296 975 352 1008 vero
367 962 494 1024 arripuit,
520 966 587 1007 tenet
610 960 671 1007 ocei-
704 959 780 1016 Quom
808 973 864 1006 voro
894 959 1022 1023 empsit,
1057 965 1126 1007 tenet
1156 974 1199 1009 ea·

174 1046 259 1108 ditquo
267 1045 379 1112 legendo,
393 1045 449 1093 Nou
460 1047 569 1094 missuro
576 1052 670 1107 cotona,
703 1044 820 1109 angitque
832 1044 944 1109 legendo,
964 1044 1022 1092 Non
1032 1045 1142 1093 misma
1157 1061 1199 1095 cu-

174 1132 229 1179 nici
237 1132 314 1194 plena
326 1133 434 1193 mosis,
447 1131 543 1179 hirudo.
565 1129 673 1196 Aliquem
707 1136 755 1177 tam
770 1130 824 1177 uisi
831 1131 908 1192 plesco
929 1131 1026 1178 cruoris
1041 1131 1138 1180 timido.
1160 1130 1200 1180 Sic

172 1215 273 1282 legendo
298 1216 405 1264 accim
438 1225 474 1264 est
497 1226 553 1264 nota
574 1213 669 1264 dicendi
700 1213 838 1280 metaphora
854 1225 878 1263 et
893 1224 949 1280 apte
963 1224 987 1263 et
999 1214 1100 1264 rotunde
1113 1215 1200 1265 coliae·

174 1301 278 1349 formula
294 1299 323 1348 de
338 1303 382 1364 iis,
406 1301 449 1366 qui
464 1299 537 1350 alicui
553 1301 622 1349 triste
644 1317 671 1348 ac
703 1309 749 1348 ret.
765 1299 882 1350 Theocrit.
896 1299 983 1366 Eidyll.
996 1300 1033 1364 II,
1048 1302 1090 1350 55.
1108 1299 1151 1351 Αἳ
1168 1299 1201 1351 cs'a'

175 1387 227 1434 fere
240 1385 315 1434 letale
332 1384 454 1434 fastidium
467 1387 576 1451 pariunt:
590 1385 687 1445 Graeci,
703 1382 790 1452 Ἔρως
811 1382 913 1451 dirupi,
936 1387 964 1434 ‘cl
985 1404 1037 1446 μευ
1060 1385 1144 1447 μέλαν
1170 1388 1200 1437 ἐκ

173 1475 207 1520 sic
215 1481 332 1536 usurpant
341 1471 512 1529 ἀποκτεῖναι,
523 1470 669 1530 dubitaui,
703 1472 783 1538 χροὸς
799 1461 867 1531 αἷμα
882 1469 1007 1531 Ἔμφύς,
1025 1470 1059 1530 ὡς
1078 1471 1202 1534 histricia

174 1557 346 1616 decursim,
372 1557 538 1620 ἀποφεύγειν.
564 1556 671 1605 lllustra-
703 1558 776 1606 ἅπαν
802 1557 830 1605 ἐκ
854 1555 964 1618 βδέλλα
987 1558 1110 1617 πέπωκας
1117 1576 1130 1617 ,·
1155 1558 1202 1611 ubi

172 1653 259 1691 verunt
272 1642 387 1708 exemplis
398 1644 445 1692 viri
458 1642 522 1691 docti
534 1641 565 1690 ad
579 1642 671 1691 Horatii
701 1626 831 1691 Scholiasta
850 1642 933 1703 ἐμφὺς
956 1645 1128 1711 interpretatur
1149 1663 1202 1695 κω-

173 1728 246 1795 Epod.
262 1729 321 1778 xlv.
338 1728 450 1778 talohen.
469 1727 499 1777 ad
520 1729 601 1794 Eurip.
614 1728 671 1794 Hip·
703 1727 820 1794 τασχών.
854 1727 952 1778 Plautus
973 1729 1070 1782 Poenul.
1099 1731 1150 1794 III,
1166 1745 1200 1798 11,

173 1814 223 1881 pol.
240 1831 265 1880 p.
282 1816 345 1878 278,
367 1824 392 1862 et
410 1814 512 1863 Pierson.
530 1813 561 1862 ad
575 1812 672 1862 iloerid.
705 1815 746 1863 at.
767 1815 821 1862 Iam
839 1830 902 1862 nunc
931 1830 974 1879 ego
995 1816 1040 1863 itte·
1060 1817 1203 1882 egredienti

173 1902 309 1950 Atticistam
330 1916 385 1966 pag.
407 1903 447 1950 73.
480 1902 509 1948 Et
530 1910 608 1949 tamen
626 1916 673 1947 non
705 1901 981 1965 sunguirwmecsugom
990 1904 1085 1965 procul.
1104 1901 1203 1968 Epidico

175 1985 245 2036 credo
257 1986 380 2034 Horatium
391 1984 432 2034 hic
445 1986 564 2051 scripsisse
580 1984 671 2032 oceidit
703 1984 742 2047 II,
755 1997 788 2046 11,
804 1986 828 2034 4.
841 1985 895 2033 iam
910 2001 953 2050 ego
968 2002 1006 2034 me
1018 1995 1159 2036 convertam
1171 1990 1203 2038 iss

174 2071 281 2139 legendo.
297 2071 354 2118 Tota
367 2070 505 2136 metaphora
517 2069 547 2118 ab
560 2068 672 2118 hirudine
704 2069 857 2134 tirsum,
878 2071 961 2134 Atque
981 2087 1063 2121 eorum
1082 2076 1204 2139 aaaugebo

174 2167 210 2206 est
226 2155 341 2205 desumta.
359 2157 435 2220 Quum
450 2155 544 2204 dixerat
559 2156 673 2219 empsit
704 2156 858 2221 seminem.
873 2156 916 2203 Pro
926 2158 1050 2222 erupuit,
1065 2158 1093 2208 iu
1107 2156 1204 2211 duobus

173 2250 288 2306 attonat,
303 2241 671 2308 iamcogitathe'rstdioem,Nam
704 2239 768 2307 apud
783 2241 852 2289 Feam
868 2240 992 2291 codicibus
1010 2245 1134 2310 arripiet:
1158 2262 1204 2313 pro

173 2328 232 2378 haee
246 2329 342 2395 propria
353 2337 409 2377 sunt
424 2337 523 2378 naturae
536 2326 674 2376 animalculi
687 2350 691 2356 ·
706 2327 854 2391 occiditque,
863 2328 889 2376 in
898 2326 1001 2378 editione
1009 2329 1097 2380 Veneta
1104 2347 1128 2381 a.
1136 2332 1204 2385 1478

173 2412 298 2463 vocabula.
322 2414 350 2461 In
368 2413 416 2462 fine
433 2414 510 2477 ipsam
530 2413 672 2461 bimdinem
704 2412 848 2476 occidatqae.
866 2411 1043 2481 Oudendorpius
1057 2417 1084 2466 iu
1098 2417 1146 2467 its,
1165 2418 1204 2468 in·

173 2501 288 2548 nominat.
305 2496 351 2546 Sed
366 2497 455 2545 timeo
471 2498 590 2545 neminem
611 2498 672 2546 occi·
702 2498 770 2545 venit
787 2498 863 2555 Quem
878 2502 954 2547 smel
972 2503 1104 2566 amisum,-
1128 2501 1204 2570 idque

173 2585 222 2633 dit.
239 2584 316 2648 Igitur
332 2579 395 2630 illud
407 2582 498 2630 occidit
510 2580 671 2647 metaphoram
703 2580 827 2648 probabat.
844 2581 960 2650 ldemego
972 2587 1135 2637 iamnotatum
1148 2605 1201 2638 esse

174 2667 242 2718 modo
256 2669 350 2735 ingrato
366 2665 495 2732 abrumpit.
514 2667 606 2732 Quanto
624 2684 673 2716 me·
704 2666 774 2716 video
796 2685 825 2717 ex
849 2669 895 2718 MS.
918 2671 945 2718 in
963 2672 1069 2737 margine
1090 2671 1203 2724 editionis

174 2756 223 2807 lius
238 2771 282 2821 pro
294 2753 402 2803 occant
408 2751 525 2802 scribetur
538 2752 675 2802 Exstant>
707 2752 814 2802 Aldinae.

598 2928 791 2944 ψ

209 3054 329 3103 Absolutis
341 3053 380 3102 his
392 3050 602 3114 innotatiouibus,
615 3049 674 3117 quid
706 3068 770 3116 cam,
781 3056 862 3119 inepte
873 3057 1010 3121 garrientis,
1023 3075 1095 3124 quam
1105 3070 1203 3126 poetae,

179 3141 279 3189 sentiam
292 3138 322 3188 de
335 3138 416 3188 ordine
424 3154 548 3201 versuum,
559 3153 605 3204 quo
613 3135 674 3185 hauc
706 3147 805 3201 natura,
816 3138 909 3204 studio,
922 3158 967 3190 usu
976 3152 1001 3191 et
1012 3146 1127 3213 exemplis
1134 3146 1206 3197 Grae·

179 3223 210 3274 ad
225 3225 319 3274 Pisones
331 3225 458 3290 Epistulam
477 3224 609 3289 accepimus
624 3221 672 3271 dis·
702 3224 923 3275 corumsormatiac
933 3243 1008 3293 paene
1017 3232 1128 3294 perfecti.
1143 3233 1207 3282 lon·

113 3379 117 3386 .
179 3312 294 3377 positam,
322 3309 460 3373 declarabo,
481 3308 567 3358 deinde
589 3310 615 3357 in
636 3324 678 3357 no·
710 3318 1207 3384 gumestenarrare,quantuminterpretes

180 3414 236 3446 vum
252 3395 358 3445 ordinem
374 3395 482 3462 dirigam.
495 3395 547 3458 Sic,
563 3396 601 3445 uti
613 3410 676 3444 nunc
709 3393 859 3459 sudaverint,
881 3414 951 3463 wem
969 3398 1073 3466 lapidem
1093 3420 1140 3453 uon
1157 3421 1208 3454 mo

178 3484 282 3550 legitur,
299 3481 329 3531 ab
344 3481 440 3529 lioratio
453 3479 544 3546 digeri,
558 3496 610 3528 meo
623 3480 676 3545 qui·
707 3481 799 3545 verint,
809 3491 837 3529 ut
850 3491 929 3532 umen
942 3484 1088 3550 probabilem
1097 3488 1205 3554 aliquam

180 3568 234 3618 dem
250 3566 352 3630 iudicio,
369 3583 416 3615 non
428 3567 515 3631 potuit.
533 3566 591 3614 Nam
608 3581 676 3630 prae·
707 3567 882 3634 speciosamque
912 3581 1091 3638 praeceptorum
1119 3575 1208 3624 seriem

180 3665 251 3722 cepta
266 3652 388 3703 Pisonibus
400 3651 502 3715 tradita,
519 3653 570 3717 ipsa
582 3649 677 3716 quidem
710 3661 736 3699 et
751 3668 824 3701 unam
841 3655 866 3703 in
883 3664 933 3705 toto
944 3657 1029 3707 libello
1040 3667 1105 3708 reete
1118 3658 1207 3710 descri-

180 3741 231 3791 sola
254 3757 298 3806 per
322 3756 347 3788 se
374 3738 469 3804 singula
492 3746 548 3785 sunt
571 3745 628 3801 apta
653 3745 678 3783 et
709 3746 778 3802 ptum
794 3739 917 3791 consilium
930 3741 1144 3809 deprehenderent.
1159 3745 1207 3796 Sed

181 3843 301 3890 connexa,
322 3824 364 3875 sed
384 3826 493 3874 universa
510 3820 568 3871 adeo
584 3831 678 3887 pertur-
710 3822 797 3888 quibus
817 3842 845 3874 ea
868 3843 906 3876 res
926 3832 1014 3896 optime
1032 3833 1159 3896 successit,
1180 3831 1208 3884 bi

181 3911 250 3974 bata,
267 3921 296 3960 ut
308 3911 402 3960 nullum
418 3911 469 3958 sere
485 3910 548 3957 inter
564 3925 592 3955 ea
607 3923 679 3973 appa·
711 3918 802 3958 tantam
820 3911 944 3963 verborum
960 3918 1052 3982 copiam
1067 3917 1147 3968 verbis
1162 3917 1208 3966 llo·

88 4056 92 4063 ι
182 4009 233 4045 reat
253 3997 388 4059 vinculum,
414 4006 438 4044 et
459 3996 534 4043 oratio
554 3995 629 4058 magis
642 3996 677 4042 vi-
709 3997 766 4043 ratii
782 3995 866 4047 addere
882 4003 958 4050 coacti
973 4014 1043 4067 sunt,
1065 4014 1107 4066 ut,
1123 4005 1209 4070 siopi·

182 4080 267 4129 deatur
282 4083 396 4143 hominis,
412 4098 442 4128 ne
459 4078 517 4145 quid
533 4081 626 4143 gravius
643 4078 677 4128 di·
710 4083 791 4130 niones
809 4093 883 4132 metro
899 4087 1066 4154 inclusissent,
1090 4094 1136 4140 iam
1151 4090 1208 4156 upi-
