2752 4844
181 426 239 486 142
440 426 654 487 HORATII
685 423 930 485 EPISTULA

213 628 345 697 Ducere
365 649 436 719 quo
457 627 569 696 vellet.
594 625 671 696 Fuit
689 625 773 696 haee
793 626 954 722 sapientia
974 627 1161 720 quondam,

207 744 353 816 Publica
374 744 511 838 priiatis
536 767 724 834 secernere,
750 767 843 814 sacra
864 745 1035 840 profanis3

207 863 401 935 Concubitu
424 861 603 958 prohibere
628 886 735 956 vago,
759 861 840 933 dare
863 864 936 934 iura
960 864 1108 952 maritis3

207 982 341 1078 Oppida
361 981 493 1071 moliri,
518 981 608 1075 leges
636 981 782 1051 incidere
801 982 911 1075 ligno:

207 1102 263 1172 Sic
287 1101 454 1170 honoret
477 1123 599 1170 nomen
623 1098 743 1169 divinis
769 1099 901 1171 vatibus
927 1107 1031 1197 atque

208 1217 421 1290 Carminibus
439 1220 541 1288 venit.
566 1218 646 1289 Post
669 1219 732 1290 hos
759 1220 896 1314 insignis
918 1220 1105 1312 Homerus,

177 1454 213 1493 est
228 1443 346 1500 Amisere,
364 1459 394 1490 ex
408 1443 561 1505 Turonibus,
581 1444 673 1504 Teura,
707 1458 778 1508 quam
791 1443 872 1492 inveni
888 1446 962 1509 magis
977 1444 1120 1506 ridiculum,
1136 1461 1208 1511 quam

176 1547 207 1578 ex
223 1530 339 1591 Bhemie,
356 1528 473 1576 Rheims:
486 1529 533 1575 nisi
546 1527 610 1576 dicas
625 1544 675 1576 esse
707 1529 834 1594 imaginem
855 1528 974 1593 hominis,
998 1547 1054 1580 saxa
1070 1546 1145 1596 prece
1162 1529 1208 1580 du·

175 1615 392 1682 pronuntiationem
405 1623 529 1662 mutatam.
543 1612 590 1661 Sed
600 1615 677 1662 sentio
709 1615 793 1662 centis.
811 1614 872 1664 Saxa
887 1623 964 1664 caune
978 1618 1086 1680 movere,
1103 1615 1167 1666 eadit
1180 1618 1208 1666 in

177 1718 214 1751 me
237 1700 411 1766 imprudentem
432 1699 535 1748 ulterius
550 1716 599 1748 esse
621 1716 676 1764 pro-
708 1701 834 1751 infantiam
856 1700 954 1750 humani
974 1703 1074 1767 ingenii.
1099 1703 1207 1752 Alterum

176 1805 295 1854 gressum,
317 1803 387 1852 quam
407 1787 477 1834 initio
499 1801 674 1851 proposueram.
707 1785 772 1834 illud
790 1785 821 1834 ab
844 1788 908 1834 omni
928 1789 1019 1836 ratione
1036 1787 1156 1837 abhorret.
1178 1789 1208 1836 Et

176 1875 239 1923 Haeo
275 1883 356 1922 antem
388 1871 507 1937 disputavi
536 1872 675 1936 interpretis
707 1871 766 1936 quid
782 1888 842 1937 opus
858 1883 910 1921 erat
920 1889 1007 1938 prece,
1030 1873 1073 1923 nbi
1086 1891 1143 1924 saxa
1159 1876 1207 1923 iam

178 1976 273 2021 caussa,
294 1959 337 2024 qui
352 1967 417 2006 recte
434 1956 531 2022 quidem
548 1958 675 2004 statanor
707 1973 763 2004 sono
793 1956 919 2006 testudinis
944 1959 1118 2008 movebantur?
1146 1961 1208 2026 Ergo

176 2046 289 2094 eonditor
303 2041 455 2091 urbicalteri
468 2043 677 2106 seripturaeoreie
708 2042 859 2111 Musicalnon
875 2043 1022 2108 sufficiehat,
1048 2056 1072 2094 et
1088 2045 1208 2111 Amphion

177 2131 308 2199 praetulit,
323 2128 364 2179 sed
375 2139 455 2177 tamen
467 2129 498 2177 iis
510 2129 598 2176 nititur
611 2144 681 2193 argu-
712 2131 771 2176 artis
791 2145 847 2178 suae
869 2130 1020 2180 mediocriter
1040 2140 1090 2180 erat
1105 2133 1209 2196 peritus.

177 2220 277 2281 mentis,
297 2233 359 2282 quae
383 2214 492 2281 equidem
511 2212 611 2280 probare
630 2230 678 2262 non
709 2215 772 2263 lliice
788 2215 888 2280 Postu,
906 2226 931 2264 et
946 2234 1035 2283 repone
1049 2218 1121 2267 uns.
1139 2219 1209 2266 Saea

176 2322 280 2372 possum.
320 2301 451 2365 »Cadmns,
471 2302 565 2367 inquit,
587 2298 679 2348 Thebas
709 2317 805 2350 movere
819 2318 876 2351 cono
892 2305 1029 2352 testudinis
1041 2312 1068 2352 et
1074 2305 1129 2365 fide
1141 2305 1209 2352 olon-

177 2391 315 2446 eonstituit;
334 2405 373 2436 eas
387 2405 453 2435 muro
464 2389 541 2435 cinxit
552 2385 678 2451 Amphion.
711 2387 743 2434 do
758 2389 867 2451 Ducere,
889 2405 935 2451 quo
950 2391 1032 2437 vellet.
1055 2391 1167 2439 Horatius
1183 2401 1209 2440 et

177 2477 301 2536 Amuris,
328 2483 352 2520 et
374 2471 480 2519 turribus
497 2470 596 2532 deinde,
619 2473 678 2520 inei·
710 2472 753 2520 alii
761 2473 816 2533 fide
831 2475 864 2521 sic
881 2490 950 2538 saepe
963 2486 1105 2538 posuerunt:
1121 2478 1210 2526 blondo

177 2563 249 2626 piant
264 2557 344 2607 urbes.
370 2557 495 2622 Progressa
511 2559 623 2621 temporis
635 2556 679 2605 ali·
703 2558 771 2620 fide,
793 2567 821 2605 nt
841 2557 904 2607 idem
924 2558 998 2608 Germ.
1015 2561 1040 2623 1,
1057 2563 1096 2609 12.
1119 2561 1149 2609 de
1168 2564 1209 2612 Or-

178 2644 235 2694 eubi
251 2660 299 2692 ura
315 2646 340 2691 in
357 2658 446 2691 summo
461 2640 678 2691 constituebatur?
710 2642 787 2708 pheo,
805 2660 873 2709 quem
890 2643 973 2693 laudat
988 2646 1110 2694 Blandum
1125 2657 1152 2696 et
1164 2666 1209 2698 aaa·

176 2733 281 2781 Historia
301 2730 443 2778 Graecorum
463 2727 532 2777 nohis
554 2728 625 2776 aliam
642 2746 681 2778 ra·
711 2730 781 2776 ritae
796 2729 893 2790 fidibus
908 2733 1007 2779 canoris
1021 2734 1117 2781 Ducere
1138 2751 1208 2798 quer·

177 2821 265 2868 tionem
274 2819 370 2866 areium
381 2812 554 2863 condendarum
562 2814 675 2864 ostendit.
708 2829 760 2863 mre.
789 2814 915 2882 Eleganter
933 2834 1002 2881 porro
1022 2835 1080 2866 sono
1102 2821 1208 2868 testudi-

208 2907 278 2954 Suoa
298 2917 393 2952 movero
416 2916 474 2949 sono
499 2899 637 2948 terminia
652 2907 677 2947 et
709 2901 849 2963 nicotfide
862 2902 960 2966 blondo,
973 2906 1206 2970 quasiperfignram

174 3007 246 3057 prece
259 2991 348 3038 blondo
356 2991 451 3037 Demere
465 3002 510 3050 quo
518 2986 600 3034 vetut,
609 2983 676 3049 Quod
708 2985 861 3053 llendiadyn,
872 3005 915 3053 pro
929 3005 970 3051 eo,
980 2988 1104 3054 quoderat
1116 2992 1207 3057 simpli·

175 3077 205 3126 de
226 3075 356 3141 Amphione
377 3073 493 3134 traditur,
516 3080 552 3120 est
570 3070 675 3135 mythus.
709 3073 773 3135 cius,
791 3073 876 3121 luendo
887 3076 1044 3137 sonofids'um
1056 3079 1207 3126 testudineo·

175 3161 237 3211 Saxa
248 3163 321 3209 morit
335 3170 359 3208 et
373 3159 456 3221 duxit,
474 3174 521 3223 quo
537 3156 626 3218 vellet,
640 3173 676 3205 so·
708 3173 772 3206 man.
785 3158 870 3208 Verum
883 3160 918 3207 ita
928 3170 1012 3225 poetae
1022 3178 1102 3228 nequo
1109 3173 1207 3228 propter

173 3264 204 3296 uo
222 3245 356 3295 testudinis.
389 3244 436 3293 Hoc
455 3244 566 3292 convenit
580 3242 677 3309 ingenio
710 3252 811 3290 metrum
827 3242 894 3309 loqui
902 3255 1030 3309 poterant,
1048 3264 1107 3310 nec,
1125 3248 1206 3312 sipos-

173 3332 318 3400 mythornm.
342 3331 427 3378 onais
438 3345 511 3393 prece
528 3329 629 3391 blondo,
647 3327 677 3376 de
709 3338 775 3390 sent,
792 3327 884 3376 vellent
900 3341 942 3379 ant
958 3329 1082 3381 deberent.
1104 3332 1206 3382 Pulchre

172 3417 293 3485 lapidibus
311 3415 360 3464 dici
376 3432 423 3463 non
436 3424 528 3480 potest,
544 3414 586 3463 sed
598 3416 672 3480 perti·
704 3411 822 3461 Palladius
838 3414 976 3480 allegoriam
989 3417 1082 3482 ¹Orphei
1098 3418 1203 3484 explica·

102 3522 104 3527 ·
173 3515 216 3553 net
223 3501 254 3552 ad
264 3501 448 3567 explicationem
455 3499 542 3566 mythi.
555 3498 672 3564 Amphion
704 3498 748 3547 vit.
765 3498 862 3548 Carmen
875 3500 1003 3566 legitnrin
1015 3501 1110 3551 Anthol.
1125 3504 1205 3554 latin.

173 3590 271 3637 movisse
291 3587 381 3635 dieitur
397 3602 467 3648 saxa,
490 3587 547 3651 quia
567 3585 675 3633 homines
707 3585 785 3634 Burm.
796 3585 856 3648 nl,
868 3603 922 3652 pag.
931 3590 970 3637 99.
987 3589 1118 3636 streioius
1131 3604 1207 3652 quon·

172 3673 260 3722 hlanda
281 3673 401 3734 oratione,
425 3670 543 3737 loquendo
560 3679 585 3718 et
604 3686 671 3719 oran·
703 3671 842 3720 wmoatos
852 3672 907 3732 fide
920 3672 1032 3721 creditur
1049 3676 1205 3723 eaowoMo-

173 3758 216 3822 do,
235 3757 362 3825 perduxit,
380 3773 427 3823 quo
448 3757 531 3806 vellat.
564 3756 674 3803 Horatius
706 3758 773 3804 visse
793 3773 880 3805 saumae
899 3761 995 3807 aeriam
1006 3758 1137 3822 serarum,
1158 3761 1205 3809 At-

173 3844 255 3911 mytho
277 3845 306 3893 da
335 3843 465 3909 Amphione
490 3841 672 3907 explicationem
705 3857 751 3906 qaae
770 3858 854 3891 omnes
876 3845 985 3892 tenuisse
1005 3861 1093 3910 vagor,
1117 3846 1161 3894 sed
1179 3853 1205 3895 et

172 3944 219 3978 non
234 3929 339 3992 addidit,
357 3930 430 3978 sicuti
439 3927 532 3977 addidit
543 3925 673 3994 mythoOr·
705 3929 781 3976 alites
810 3930 936 3992 volantes,
967 3931 1005 3978 Et
1029 3932 1105 3979 surdo
1128 3940 1205 3980 corato

172 4000 252 4078 phico.
269 4017 297 4063 In
310 4015 407 4080 vulgata
420 4014 522 4062 lectione
536 4011 633 4077 mythus
646 4022 671 4060 et
702 4015 838 4062 concitasse
853 4031 928 4075 saeo5
946 4017 1143 4082 Scaeisonoeque
1154 4033 1204 4064 mo-

173 4097 301 4163 explieatio
317 4100 379 4148 male
392 4101 534 4159 miscentur,
546 4113 590 4146 nee
604 4095 671 4162 quid·
704 4099 747 4147 dos
761 4101 898 4148 testudinis
911 4103 1008 4150 arbores
1021 4111 1130 4164 secutor,
1148 4103 1203 4150 Um-
