2752 4844
528 409 587 471 Al)
619 409 838 472 Plsouus

171 610 341 675 275-280.
362 614 490 695 Ignotum
509 616 706 694 tragicae
726 615 831 693 nitique
850 614 990 676 cothurno.

171 714 340 777 220-224.
362 717 487 776 Carmine
506 719 555 797 qui
573 718 757 795 tragico
770 724 849 795 potus
866 726 894 775 et
911 718 995 779 exlex.

172 816 342 878 281-284.
364 818 496 878 Successit
511 826 588 877 vetus
604 817 648 876 bis
754 821 813 875 iure
832 819 957 878 nocendi.

172 918 342 981 231-233.
363 921 477 981 Effutire
494 921 565 980 leves
670 918 830 999 pudibunda
850 926 987 1000 protervis.
1079 980 1081 994 ,

173 1021 343 1084 225-230.
366 1024 467 1083 Verum
482 1028 519 1083 ita
534 1025 629 1080 risores
739 1032 766 1080 et
780 1025 869 1081 inania
886 1034 982 1104 captet.

173 1124 343 1186 244-250.
365 1125 444 1185 Silvis
459 1126 569 1186 deducti
675 1123 808 1183 donantve
828 1145 932 1184 corona.

100 1252 106 1261 ·
173 1226 343 1288 234-243.
364 1228 427 1287 Non
447 1248 495 1308 ego
511 1231 634 1286 inornata
740 1226 842 1286 accedit
860 1228 978 1287 honoris.

147 1402 150 1407 Ι
176 1328 346 1390 179-186.
366 1329 423 1389 Aut
439 1333 526 1411 agitur
544 1351 587 1388 res
604 1333 634 1387 iu
650 1333 736 1388 scenis
839 1332 956 1389 nefarius
972 1330 1079 1391 Atreus.

174 1430 345 1493 338-340.
367 1433 440 1492 Ficta
455 1432 599 1512 voluptatis
616 1451 708 1491 caussa
813 1432 933 1493 extrahat
952 1432 1020 1493 alvo.

177 1533 345 1595 186-187.
366 1535 423 1595 Aut
442 1539 472 1593 in
487 1556 564 1594 avem
670 1533 825 1592 incredulus
842 1534 896 1593 odi.

175 1635 345 1697 341-346.
367 1637 508 1696 Centuriae
522 1640 659 1695 seniorum
673 1668 716 1680 --
725 1669 742 1679 -
757 1646 880 1716 prorogat
895 1658 1001 1696 aevum.

195 1738 277 1799 42-
297 1737 345 1799 44.
367 1739 476 1799 Ordinis
494 1739 562 1798 baec
577 1743 661 1797 virtus
769 1742 799 1796 in
819 1748 926 1818 tempus
939 1743 1051 1799 omittat.

176 1840 347 1901 361—365.
369 1842 404 1900 Ut
419 1845 522 1921 pictura
541 1845 713 1921 poesis
731 1844 843 1920 repetita
858 1840 983 1921 placebit.

175 1941 345 2002 335-337.
367 1943 508 2025 Quidquid
523 1946 668 2024 praecipies
771 1952 877 2022 pectore
893 1953 991 2002 manat.

297 2042 345 2103 46.
366 2046 402 2104 ln
417 2044 505 2104 verbis
525 2049 606 2105 etiam
623 2048 712 2104 tenuis
732 2054 880 2126 cautusque
896 2045 1024 2104 serendis.

298 2145 347 2206 45.
368 2147 424 2207 lloc
440 2158 526 2219 amet,
545 2148 598 2206 boc
614 2156 721 2226 spernat
737 2151 861 2226 promissi
880 2152 1005 2206 carminis
1024 2157 1123 2208 auctor.

198 2247 277 2309 47-
297 2247 346 2309 72.
367 2248 471 2309 Dixeris
491 2252 679 2328 egregie
694 2269 789 2307 norma
805 2249 943 2329 loquendi.

179 2348 347 2413 189-201.
369 2352 443 2412 Neve
462 2355 550 2411 minor
566 2355 662 2433 quinto
768 2351 874 2410 fortuna
893 2350 1023 2430 superbis.

199 2451 281 2513 89-
300 2450 349 2513 92.
370 2453 499 2513 Versibus
516 2458 613 2534 exponi
633 2457 738 2534 tragicis
844 2457 935 2513 sortita
950 2453 1084 2514 decenter.

197 2553 278 2615 86-
297 2552 346 2615 88.
367 2554 518 2636 Rescriptas
533 2577 637 2615 servare
651 2559 722 2615 vices
824 2556 925 2616 discere
941 2556 1021 2616 malo.

147 2724 152 2737 .
196 2654 346 2717 93-113.
367 2658 511 2717 Interdum
526 2666 617 2716 umen
633 2689 700 2721 -·-.
719 2657 875 2739 peditesque
892 2659 1063 2717 cachinnum.

180 2756 347 2818 153-157.
369 2758 410 2818 Tu
429 2759 496 2840 quid
513 2779 562 2838 ego
577 2792 594 2803 -
604 2792 621 2802 -
631 2792 648 2802 -
663 2762 775 2816 maturis
795 2759 899 2817 dandus
916 2769 944 2818 et
959 2764 1045 2818 annis.

176 2858 345 2922 309-322.
367 2860 508 2922 Scribendi
527 2870 685 2919 recte
703 2882 845 2942 nugaeque
862 2882 981 2921 canorae.

180 2962 349 3023 114-118.
370 2965 495 3023 Intererit
512 2963 633 3022 multum
739 2985 775 3022 an
791 2962 879 3043 Argis.

137 3108 140 3112 -
180 3063 348 3126 158-178.
369 3066 493 3126 Reddere
508 3069 557 3147 qui
573 3084 651 3125 voces
754 3066 920 3125 morabimur
935 3069 1012 3147 aptis.

178 3165 348 3228 285-288.
369 3167 415 3228 Nil
434 3173 597 3227 intentatum
699 3168 812 3228 docuere
832 3178 939 3248 togatas.
1010 3223 1013 3227 .

177 3268 347 3331 202-219.
369 3270 444 3330 Tibia
459 3292 515 3330 non
530 3280 562 3329 ut
581 3291 656 3329 nunc
760 3275 892 3330 sententia
911 3271 1032 3352 Delphis.

178 3371 348 3434 289-294.
369 3373 425 3432 Nec
444 3377 543 3432 virtute
562 3373 630 3432 foret
732 3373 767 3432 ad
786 3395 915 3454 unguem.

178 3473 349 3535 251-269.
370 3474 479 3556 Syllaba
498 3476 577 3555 longa
678 3486 779 3534 versate
795 3475 900 3535 diurna.

179 3576 348 3637 323-324,
370 3577 458 3637 Graiis
474 3581 613 3658 ingenium
714 3579 817 3636 nullius
832 3582 924 3637 avaris.

178 3677 348 3740 270-274.
369 3679 407 3740 At
425 3683 509 3739 nostri
526 3683 618 3760 proavi
723 3680 852 3740 callemus
868 3693 895 3740 et
914 3703 986 3740 aure.

179 3779 350 3841 212-213.
371 3780 499 3840 Indoctus
518 3781 585 3863 quid
605 3787 678 3842 enim
783 3787 867 3864 turpis
886 3784 1005 3842 honesto.

179 3880 349 3944 325-332.
371 3883 488 3942 Romani
507 3888 583 3964 pueri
686 3885 814 3945 servanda
832 3905 964 3964 cupresso.
1001 3884 1004 3892 ’

67 3996 72 4002 ’
181 3984 351 4046 412-415.
372 3987 425 4060 Qui
438 3986 528 4046 studet
544 3996 660 4068 optatam
763 3990 939 4068 extimuitque
956 3990 1121 4068 magistrum.

179 4087 349 4151 379-384.
370 4088 476 4152 Ludere
490 4093 539 4173 qui
553 4093 639 4150 nescit
651 4123 694 4137 --
703 4122 720 4135 -
737 4097 854 4149 remotus
863 4088 905 4171 ‚ab
920 4091 1002 4149 omni.
