2752 4844
216 399 255 464 18
471 399 685 466 nostru
715 395 966 464 talstota

245 604 315 676 Neo
335 602 493 674 facundia
517 602 648 676 deseret
666 604 776 697 huno,
799 628 862 676 neo
880 604 1016 676 lucidus
1040 603 1136 675 ordo.
1186 656 1189 663 ,

249 723 385 794 Ordinis
397 722 480 795 haee
499 723 606 794 virtus
625 725 689 796 erit
711 731 746 794 et
765 747 889 816 venus,
912 727 972 795 aut
984 747 1046 817 ego
1059 721 1178 816 fallor,

247 844 293 914 Ut
312 843 380 914 iam
404 868 496 915 nunc
520 844 611 914 dieat
632 845 699 914 iam
724 869 816 915 nunc
840 842 994 915 debentia
1018 842 1100 931 dici;

240 939 588 1056 Pleraquediffsrat,
609 970 644 1034 et
664 986 821 1057 praesens
841 965 876 1034 in
901 970 1036 1057 tempus
1056 961 1203 1030 omittat:

172 1169 174 1173 Ι
248 1082 323 1152 Hoc
343 1089 453 1173 amet,
478 1081 544 1152 hoo
564 1090 700 1178 spernat
719 1084 874 1179 promissi
896 1081 1052 1153 carminis
1073 1086 1204 1149 auctor.

216 1266 267 1313 r'em
280 1279 328 1312 non
346 1260 419 1310 audet
440 1270 547 1323 tentare,
564 1266 621 1326 qnia
640 1266 714 1310 maio-
745 1265 782 1328 gie
806 1263 875 1312 decet
896 1260 1000 1327 rigidum
1015 1261 1041 1307 in
1060 1257 1141 1306 schola
1165 1259 1239 1323 magi·

216 1367 266 1398 rem
289 1365 337 1397 esse
350 1348 442 1397 viribus
458 1349 545 1411 sensit,
570 1349 652 1415 itaque
664 1365 713 1414 pn·
744 1358 912 1415 atrum,qnam
923 1346 1041 1396 urbanum
1050 1353 1238 1410 praeceptorem,

215 1435 303 1482 denter
310 1443 412 1483 recusat.
419 1435 541 1480 'Potenter
548 1435 583 1482 ita
591 1435 642 1483 sere
651 1435 716 1500 apud
747 1417 790 1501 qu'i
806 1437 894 1484 chrum
916 1433 1053 1500 praecordia
1068 1429 1171 1490 Pisonis,
1193 1428 1241 1476 filii

215 1519 389 1584 Quintilianum
410 1517 488 1566 instit.
514 1518 577 1570 Orat.
600 1520 710 1584 xt1‚x,
744 1530 803 1569 natu
828 1504 931 1584 maioris,
956 1519 1070 1581 ludebat,
1097 1527 1126 1564 ut
1147 1531 1202 1563 eum
1226 1530 1242 1563 a

216 1608 266 1668 72,
282 1606 419 1653 invenitur:
433 1612 464 1653 nt
476 1605 546 1654 dieat
558 1615 584 1655 et
591 1609 709 1671 utiliter,
744 1607 882 1657 factitandie
903 1606 1009 1656 versibus
1024 1600 1169 1665 deterreret,
1186 1599 1240 1663 vel,

214 1698 241 1739 et
256 1691 292 1738 ad·
308 1688 475 1754 ffoiendem,
500 1692 562 1756 qnod
584 1694 711 1756 intendit,
744 1695 765 1742 ai
780 1692 825 1741 hoo
846 1710 893 1742 non
910 1703 1003 1758 posset,
1020 1690 1135 1740 ridiculos
1151 1702 1242 1737 errores

209 1786 334 1847 potenter.
741 1782 817 1829 vitare
831 1792 946 1831 moneret.

250 1867 355 1916 Ordinis
373 1868 432 1914 haee
452 1867 537 1916 virtus
561 1870 614 1916 erit
632 1857 659 1916 et
673 1884 713 1916 ve·
778 1871 830 1917 Hor
845 1877 925 1932 ornet,
943 1871 985 1918 hoo
1002 1873 1113 1932 spernet.
1130 1862 1241 1912 Difficilis

207 1965 280 2017 πω,
306 1961 352 2000 aut
376 1968 420 2018 ego
430 1953 520 2013 satior.
549 1953 662 2004 Graevius
682 1954 713 2004 ad
745 1942 825 2019 iocus,
839 1957 928 2021 quique
942 1956 1036 2020 integer
1052 1953 1140 2018 apponi
1154 1950 1240 2014 debet,

215 2039 314 2088 Rhetor.
334 2036 364 2086 ad
379 2038 482 2087 Harena.
497 2039 523 2102 1,
537 2041 567 2103 3,
590 2042 649 2089 citat
662 2044 715 2089 nir-
746 2052 776 2090 ut
800 2043 934 2090 accuratius
956 2042 1105 2090 excutiatur:
1138 2038 1243 2085 Ordinis

213 2135 258 2176 ins
282 2132 328 2174 est.
353 2124 498 2191 Quamquam
530 2125 591 2176 haee
616 2138 640 2178 et
664 2130 712 2177 alia
745 2131 802 2178 hoec
818 2131 902 2178 virtus
918 2130 970 2177 erit
987 2135 1012 2176 et
1034 2142 1124 2188 nenne,
1140 2132 1186 2173 aut
1199 2141 1243 2190 ego

209 2210 380 2261 huiuscemodi
402 2230 480 2262 errore
496 2217 622 2265 memoriae
639 2218 714 2266 siten·
738 2219 833 2281 fallor,
862 2218 895 2265 Ut
917 2219 970 2264 ianr
990 2230 1054 2262 nune
1076 2213 1163 2271 diont5
1187 2211 1242 2258 ient

213 2306 271 2363 tur,
284 2299 405 2349 interdum
419 2302 488 2349 taciti
504 2301 589 2351 indicii
606 2305 710 2351 testimo·
742 2320 806 2351 nune
827 2304 942 2351 debentia
958 2301 1011 2349 diei
1030 2300 1150 2361 Pleraque
1166 2296 1240 2359 diffe-

213 2387 282 2434 nium
303 2385 391 2434 habere
413 2384 533 2434 videntur.
567 2388 711 2451 Quamquam
743 2395 797 2448 ret,
823 2393 849 2433 et
864 2401 985 2449 praeieris
1000 2386 1031 2431 in
1056 2392 1151 2447 tempus
1168 2384 1240 2431 ornit-

213 2486 259 2520 nea
276 2471 414 2533 Graevius,
437 2470 524 2534 oredo,
546 2471 586 2519 hie
603 2473 712 2520 futurum
746 2478 801 2532 tat,·
824 2471 877 2518 Hoc
897 2476 974 2531 amet,
997 2471 1040 2516 hoo
1060 2475 1162 2533 opernm
1181 2484 1240 2532 pro·

213 2571 270 2616 eum
284 2564 408 2620 praesente
425 2566 517 2604 mutare
532 2556 643 2605 voluerit.
667 2557 710 2604 Pro
741 2556 819 2603 misai
841 2555 962 2604 carminis
984 2562 1078 2604 aneton.
1104 2557 1136 2604 In
1160 2557 1241 2604 entia

216 2649 262 2690 aut
285 2644 311 2691 in
331 2643 404 2691 variis
431 2641 492 2691 MSS.
518 2641 609 2707 legitur
629 2643 710 2704 nand,
744 2644 823 2690 etiarn
848 2643 933 2689 tenuis
955 2649 1090 2705 cantusque
1111 2642 1241 2704 serendis,

217 2726 290 2792 idque
317 2725 428 2774 nonnulli
453 2727 606 2792 interpretes
627 2725 713 2792 cupide
745 2726 853 2774 Dixeris
868 2729 985 2792 egregie,
1007 2736 1091 2776 notem
1106 2732 1132 2777 ai
1149 2730 1241 2778 rodida

203 2815 377 2880 arripuerunt.
395 2811 441 2862 Sed
454 2818 500 2860 ant
515 2827 559 2877 ego
566 2812 648 2872 satior
660 2811 713 2859 lon-
744 2811 841 2859 eminet
855 2811 1131 2861 Reddideritinrwtnra
1143 2829 1240 2863 nonem.

216 2915 246 2964 ge
271 2898 400 2947 modestius
423 2896 525 2947 affirmat
549 2915 620 2964 quam
646 2899 713 2947 hand
743 2899 898 2964 Distinguunt
921 2898 1031 2964 plerique
1054 2897 1126 2947 hodie
1149 2909 1173 2948 et
1190 2915 1241 2948 (ιιε-

211 2999 262 3049 ego
275 2984 365 3043 folior.
402 2984 512 3033 Horatius
533 2985 559 3032 in
577 2985 642 3032 omni
665 2985 710 3034 hae
742 2984 850 3050 pendunt
872 2988 1001 3034 orationem
1021 3000 1036 3033 a
1059 3001 1128 3034 versu
1148 2985 1238 3048 medio,

210 3062 323 3135 Epistola
336 3069 407 3117 talem
419 3070 557 3119 modestiam
570 3081 660 3119 servat:
675 3069 711 3120 id·
742 3065 773 3119 ni
787 3073 840 3119 iarn
854 3087 918 3119 πππ(
931 3073 1015 3120 dicat:
1029 3070 1114 3121 deinde
1126 3070 1189 3118 illud
1203 3087 1240 3118 or·

213 3170 265 3223 que
281 3164 346 3203 reete
363 3166 388 3204 et
404 3158 522 3220 suaviter,
541 3158 584 3222 qni
597 3157 712 3206 scriberet
744 3157 858 3221 (liuntur,
883 3158 947 3224 qnod
971 3159 1046 3207 cuivis
1069 3172 1177 3222 magnam
1199 3153 1241 3204 ad·

218 3240 250 3289 ad
273 3241 380 3304 Pisones,
410 3241 534 3290 literarum
558 3252 664 3290 amantes
687 3251 713 3289 et
744 3243 893 3291 mirationem
914 3253 1019 3291 moveat:
1045 3246 1099 3294 Iam
1119 3260 1184 3292 nune
1199 3243 1239 3292 de·

213 3327 320 3392 periton,
342 3340 480 3391 moramque
496 3335 522 3374 et
537 3327 601 3374 vitae
619 3326 714 3392 alegan‘-
746 3327 831 3375 dantia
843 3328 1020 3392 diripiensque
1036 3330 1147 3391 dfferor).
1162 3329 1239 3376 Enim·
1274 3377 1278 3391 ,

214 3413 252 3460 tia
272 3409 425 3459 excellentes.
450 3412 499 3474 lta,
524 3421 648 3478 postquam
675 3429 710 3462 vs.
742 3416 834 3462 verosi
849 3417 896 3463 iam
911 3431 976 3463 nune
989 3416 1043 3462 diei
1057 3416 1158 3477 debent,
1172 3424 1238 3463 reste
1261 3458 1264 3462 a

215 3499 265 3546 270
281 3495 374 3544 dixerat
396 3498 496 3546 maiores
513 3498 622 3559 Pieqnum
640 3499 711 3547 nimia
744 3509 769 3547 et
790 3499 873 3549 ordine
896 3502 949 3548 inm
970 3516 1035 3548 nune
1052 3500 1175 3549 dicentur.
1200 3500 1238 3550 An

216 3584 350 3648 patienter,
367 3581 414 3628 imo
427 3581 501 3630 stulte
514 3582 623 3630 Plautum
637 3583 711 3631 iubae
744 3583 829 3648 iubes,
852 3594 881 3632 ut
896 3601 957 3652 quae
978 3587 1005 3634 in
1020 3584 1065 3634 hae
1086 3584 1239 3636 adnotatione

216 3671 327 3731 miratos,
350 3666 379 3716 ad
400 3664 551 3715 minuendam
568 3665 628 3715 disti
648 3683 713 3715 acer·
744 3669 792 3716 iam
817 3675 880 3718 nunt
904 3687 919 3719 a
941 3669 1047 3719 medici
1071 3681 1177 3736 oportet,
1211 3688 1240 3721 ea

214 3752 317 3802 bitatem
338 3754 419 3801 statim
443 3751 559 3802 subiecit:
591 3753 618 3800 si
643 3753 711 3802 medo
744 3753 854 3804 differam
877 3764 901 3804 et
919 3758 1045 3806 omittam?
1068 3759 1128 3825 Ergo
1145 3768 1187 3808 aut
1204 3769 1240 3808 ta-

215 3855 261 3906 ngo
276 3848 302 3889 et
314 3854 357 3889 voe
372 3842 470 3890 Μιππ(
485 3841 633 3901 inurbanum
650 3841 711 3904 lepi-
743 3841 843 3890 eandum
857 3841 918 3891 mihi
931 3851 981 3906 eet,
1001 3853 1044 3891 aut
1060 3845 1109 3895 alia
1124 3846 1240 3913 quaedam

211 3924 248 3974 do
271 3941 383 3989 seponere
404 3928 488 3990 dieto,
513 3927 711 3992 Legitimemqne
743 3926 843 3977 dicenda
863 3939 933 3993 aunt,
955 3947 1015 3996 qnae
1037 3949 1101 3982 nunc
1119 3920 1169 3982 dici
1191 3949 1239 3981 non

214 4027 299 4060 sonum
325 4012 419 4078 digitis
443 4017 560 4064 (αἱίοπιπ
591 4021 617 4063 et
642 4028 710 4062 anre.
745 4011 871 4065 debebant.
888 4017 982 4066 Bellum
998 4035 1053 4068 sane
1070 4025 1237 4084 praecaptum,
1303 4038 1306 4043 ·

216 4098 325 4148 Alterum
344 4098 407 4148 iliud
430 4101 497 4148 παπ(
516 4115 559 4165 ego
566 4099 651 4159 failor
667 4098 716 4148 nia·
747 4100 788 4148 eui
803 4098 864 4162 mihi
875 4101 916 4153 illi
931 4119 985 4153 cum
1000 4104 1102 4152 maxime
1118 4100 1240 4168 obtempe-
