2752 4844
545 419 605 480 An
636 417 872 481 Plscnns..
1103 458 1109 472 ·
1149 417 1208 478 229

183 619 356 683 251-269.
378 622 486 704 Syllaba
507 621 586 703 longa
693 631 795 682 versate
814 623 919 682 diurna.

204 722 355 784 24-31.
377 724 492 784 hlaxima
511 744 571 804 pars
592 733 684 783 vatum
793 729 816 783 si
836 735 908 785 caret
926 734 990 785 arte.

205 825 287 887 46-
306 824 356 886 72.
377 827 413 887 ln
431 826 519 886 verbis
539 829 620 886 etiam
640 830 729 885 tenuis
745 837 863 886 ---'et
878 848 972 887 norma
991 827 1129 910 loquendi.

183 927 356 989 202-219.
378 929 455 989 Tibia
475 950 531 988 non
549 939 581 988 ut
600 949 675 987 nunc
780 933 912 989 sententia
931 928 1053 1009 llelphis.

184 1029 354 1093 179-188.
375 1031 433 1092 Aut
451 1035 537 1113 agitur
556 1051 598 1090 res
617 1033 647 1088 iu
667 1035 753 1089 scenis
858 1031 1013 1091 incredulus
1033 1031 1088 1091 odi.

184 1132 354 1195 189-201.
375 1135 449 1194 Nevc
468 1138 558 1192 minor
575 1154 630 1192 neu
650 1136 685 1191 sit
791 1135 898 1193 fortuna
917 1135 1048 1214 superbis.

181 1235 352 1298 847-360.
373 1237 444 1297 Sunt
463 1236 561 1295 delicta
581 1245 672 1294 tamen
779 1237 908 1316 obrepere
926 1258 1061 1295 somnum.
1102 1260 1110 1269 ·

182 1337 352 1400 386-390.
373 1339 408 1399 Id
427 1337 478 1397 tibi
498 1337 630 1396 iudicium
649 1347 690 1397 est
796 1343 882 1397 nescit
901 1360 951 1398 vox
971 1343 1053 1398 missa
1071 1342 1180 1398 reverti.

183 1439 352 1504 419-476.
374 1442 409 1502 lJt
428 1460 524 1520 praeco
544 1440 579 1499 ad
597 1459 699 1500 merces
805 1445 906 1500 cruoris
926 1440 1033 1501 hirudo.

476 1644 647 1705 DANIEL
675 1646 899 1707 HEINSIUS.

221 1847 349 1910 1-78.
371 1849 496 1909 Humano
514 1853 595 1930 capiti
702 1852 754 1910 suh
773 1852 863 1911 iudice
882 1852 916 1910 lis
936 1861 984 1911 est.

198 1950 281 2012 83-
300 1949 349 2011 85.
369 1951 445 2012 dlusa
465 1952 539 2012 dedit
557 1952 659 2012 fidibus
766 1953 851 2014 libera
865 1959 929 2013 rina
947 1955 1055 2014 reterre.

197 2052 280 2114 79-
299 2052 348 2114 82'.
368 2053 564 2114 Archilochum
583 2059 691 2136 proprio
796 2066 892 2115 natum
911 2057 992 2117 rchus
1011 2056 1129 2137 agendis.

200 2155 283 2217 89-
301 2155 351 2217 92.
373 2157 501 2216 Versibus
521 2161 618 2236 exponi
637 2160 743 2237 tragicis
850 2163 941 2217 sortita
959 2159 1093 2218 decenter.

198 2256 282 2319 86-
300 2256 351 2319 88.
372 2258 522 2339 Descriptus
542 2278 646 2317 serrare
751 2258 853 2318 discere
871 2258 953 2318 malo.

197 2359 348 2422 93-219.
371 2361 513 2422 Interdum
532 2371 624 2419 tamen
643 2369 782 2421 atrocem
888 2365 1020 2421 sententia
1036 2361 1157 2442 Delphis.

176 2462 347 2525 275-280.
369 2464 498 2545 Ignotum
517 2466 630 2544 tragicae
650 2484 735 2543 genus
841 2468 945 2545 nitique
964 2463 1105 2523 cothurno.

178 2564 350 2627 220—250.
371 2566 497 2626 Carmine
516 2568 565 2645 qui
584 2568 684 2644 tragico
790 2566 925 2626 donantve
943 2587 1049 2626 corona.

177 2665 349 2728 281-284.
371 2667 504 2727 Successit
522 2675 600 2724 retur
619 2665 664 2723 his
683 2667 820 2726 comoedia
928 2672 986 2726 inre
1004 2668 1129 2727 nocendi.
1255 2646 1264 2660 ⁴

174 2767 348 2829 251-274.
369 2767 480 2848 Syllaba
499 2767 578 2846 longa
598 2766 673 2825 brevi
697 2767 817 2826 subiecta
927 2767 1056 2827 callemus
1077 2780 1104 2829 et
1123 2791 1195 2831 aure.

176 2869 348 2932 285-334.
369 2868 416 2929 Nil
436 2872 598 2927 intentatum
618 2872 703 2927 nostri
721 2901 738 2913 -
749 2897 788 2914 ·-
807 2868 903 2928 idonea
922 2869 1011 2929 dicere
1030 2874 1108 2930 ritae.

178 2971 350 3034 391-402
372 2971 511 3031 silvestres
530 2969 653 3029 homines
672 2990 747 3030 sacer
850 2979 942 3030 cantor
957 2970 1066 3051 Apollo.

176 3073 349 3137 335-390.
370 3072 511 3154 Quidquid
529 3075 675 3151 praecipies
690 3076 862 3135 ---,nescit
881 3093 932 3132 vox
950 3077 1033 3133 missa
1050 3078 1155 3134 reverti.

177 3175 347 3240 408-476.
368 3177 470 3237 Natura
488 3174 565 3234 heret
585 3172 720 3234 laudabile
827 3179 928 3234 cruoris
946 3175 1053 3236 hirudo.

406 3379 661 3441 Lunovlcus
687 3379 968 3442 DESPREZIUS.

176 3583 348 3647 391-407.
369 3584 507 3644 silvestres
526 3585 650 3642 homines
756 3593 783 3644 ct
801 3593 894 3645 cantor
912 3584 1021 3666 Apollo.

177 3686 348 3748 408-411.
369 3687 471 3746 Natura
491 3686 568 3745 fieret
584 3717 654 3732 ---
672 3689 794 3746 coniurat
812 3691 906 3747 amice.

177 3787 350 3852 361-378.
372 3790 408 3849 Ut
426 3793 530 3870 pictum
549 3791 635 3867 poesis
653 3817 724 3833 ·--
743 3791 828 3868 vergit
846 3789 881 3848 ad
900 3792 995 3847 imum.

195 3891 279 3952 73-
298 3891 348 3953 78.
369 3892 424 3953 Res
445 3900 533 3972 gestae
638 3889 728 3949 iudice
746 3890 781 3948 lis
801 3899 849 3949 est.

196 3991 280 4054 88-
300 3992 349 4054 85.
371 3993 447 4054 dinsa
465 3992 540 4052 dedit
645 3995 708 4050 vina
727 3991 834 4050 referre.

175 4093 347 4158 284-239.
368 4094 430 4156 lton
449 4117 499 4178 ego
518 4100 640 4156 inornata
745 4091 853 4153 Silenus
872 4091 985 4152 alumni.
