<?xml version="1.0" encoding="UTF-8"?>
<!DOCTYPE html PUBLIC "-//W3C//DTD XHTML 1.0 Transitional//EN"
    "http://www.w3.org/TR/xhtml1/DTD/xhtml1-transitional.dtd">
<html xmlns="http://www.w3.org/1999/xhtml" xml:lang="en" lang="en">
 <head>
  <title>
</title>
<meta http-equiv="Content-Type" content="text/html;charset=utf-8" />
  <meta name='ocr-system' content='tesseract 3.04.00' />
  <meta name='ocr-capabilities' content='ocr_page ocr_carea ocr_par ocr_line ocrx_word'/>
</head>
<body>
  <div class='ocr_page' id='page_1' title='image "./qhoratiiflaccie01horagoog_0044.png"; bbox 0 0 2752 4844; ppageno 0'>
   <div class='ocr_carea' id='block_1_1' title="bbox 500 375 1192 450">
    <p class='ocr_par' dir='ltr' id='par_1_1' title="bbox 500 375 1192 450">
     <span class='ocr_line' id='line_1_1' title="bbox 500 375 1192 450; baseline -0.004 0"><span class='ocrx_word' id='word_1_1' title='bbox 500 375 587 450; x_wconf 72' lang='lat' dir='ltr'>lu</span> <span class='ocrx_word' id='word_1_2' title='bbox 619 390 836 449; x_wconf 80' lang='lat' dir='ltr'>nrsouss.</span> <span class='ocrx_word' id='word_1_3' title='bbox 1152 389 1192 448; x_wconf 83' lang='lat' dir='ltr'>ss</span> 
     </span>
    </p>
   </div>
   <div class='ocr_carea' id='block_1_2' title="bbox 203 591 1091 683">
    <p class='ocr_par' dir='ltr' id='par_1_2' title="bbox 203 591 1091 683">
     <span class='ocr_line' id='line_1_2' title="bbox 203 591 1091 683; baseline -0.008 -15"><span class='ocrx_word' id='word_1_4' title='bbox 203 595 336 668; x_wconf 51' lang='lat' dir='ltr'>Nedum¹</span> <span class='ocrx_word' id='word_1_5' title='bbox 358 616 551 666; x_wconf 84' lang='lat' dir='ltr'><strong>sermonum</strong></span> <span class='ocrx_word' id='word_1_6' title='bbox 576 599 641 661; x_wconf 84' lang='lat' dir='ltr'>stet</span> <span class='ocrx_word' id='word_1_7' title='bbox 660 591 767 661; x_wconf 85' lang='lat' dir='ltr'>honos</span> <span class='ocrx_word' id='word_1_8' title='bbox 791 599 826 661; x_wconf 88' lang='lat' dir='ltr'>et</span> <span class='ocrx_word' id='word_1_9' title='bbox 852 591 956 683; x_wconf 79' lang='lat' dir='ltr'>gretie</span> <span class='ocrx_word' id='word_1_10' title='bbox 985 591 1091 661; x_wconf 81' lang='lat' dir='ltr'>vivex.</span> 
     </span>
    </p>
   </div>
   <div class='ocr_carea' id='block_1_3' title="bbox 118 813 1211 1650">
    <p class='ocr_par' dir='ltr' id='par_1_3' title="bbox 118 813 1211 1650">
     <span class='ocr_line' id='line_1_3' title="bbox 172 813 1201 886; baseline -0.006 -18"><span class='ocrx_word' id='word_1_11' title='bbox 172 819 317 886; x_wconf 77' lang='lat' dir='ltr'>Pythagoras</span> <span class='ocrx_word' id='word_1_12' title='bbox 346 817 411 882; x_wconf 83' lang='lat' dir='ltr'>opud</span> <span class='ocrx_word' id='word_1_13' title='bbox 434 815 540 864; x_wconf 88' lang='lat' dir='ltr'>Ovidium</span> <span class='ocrx_word' id='word_1_14' title='bbox 574 817 668 863; x_wconf 81' lang='lat' dir='ltr'>Metam.</span> <span class='ocrx_word' id='word_1_15' title='bbox 702 813 770 862; x_wconf 78' lang='lat' dir='ltr'>verbi</span> <span class='ocrx_word' id='word_1_16' title='bbox 791 821 922 861; x_wconf 83' lang='lat' dir='ltr'>mutentur</span> <span class='ocrx_word' id='word_1_17' title='bbox 944 824 968 862; x_wconf 89' lang='lat' dir='ltr'>et</span> <span class='ocrx_word' id='word_1_18' title='bbox 981 822 1159 877; x_wconf 85' lang='lat' dir='ltr'>permutentur</span> <span class='ocrx_word' id='word_1_19' title='bbox 1175 815 1201 862; x_wconf 88' lang='lat' dir='ltr'>in</span> 
     </span>
     <span class='ocr_line' id='line_1_4' title="bbox 172 899 1202 968; baseline -0.005 -15"><span class='ocrx_word' id='word_1_20' title='bbox 172 907 225 967; x_wconf 79' lang='lat' dir='ltr'>XV,</span> <span class='ocrx_word' id='word_1_21' title='bbox 254 907 299 952; x_wconf 78' lang='lat' dir='ltr'>tus</span> <span class='ocrx_word' id='word_1_22' title='bbox 319 920 354 968; x_wconf 87' lang='lat' dir='ltr'>sq.</span> <span class='ocrx_word' id='word_1_23' title='bbox 387 902 448 950; x_wconf 89' lang='lat' dir='ltr'>uude</span> <span class='ocrx_word' id='word_1_24' title='bbox 474 901 532 950; x_wconf 86' lang='lat' dir='ltr'>haec</span> <span class='ocrx_word' id='word_1_25' title='bbox 554 901 670 949; x_wconf 80' lang='lat' dir='ltr'>notanda:</span> <span class='ocrx_word' id='word_1_26' title='bbox 705 899 804 947; x_wconf 79' lang='lat' dir='ltr'>scholiis</span> <span class='ocrx_word' id='word_1_27' title='bbox 824 899 947 946; x_wconf 82' lang='lat' dir='ltr'>ostendere</span> <span class='ocrx_word' id='word_1_28' title='bbox 965 899 1072 962; x_wconf 82' lang='lat' dir='ltr'>videtur,</span> <span class='ocrx_word' id='word_1_29' title='bbox 1094 911 1202 949; x_wconf 73' lang='lat' dir='ltr'>auctores</span> 
     </span>
     <span class='ocr_line' id='line_1_5' title="bbox 175 984 1204 1048; baseline -0.004 -10"><span class='ocrx_word' id='word_1_30' title='bbox 175 992 265 1038; x_wconf 78' lang='lat' dir='ltr'>Omcsia</span> <span class='ocrx_word' id='word_1_31' title='bbox 289 997 426 1037; x_wconf 61' lang='lat' dir='ltr'>coutuntur,</span> <span class='ocrx_word' id='word_1_32' title='bbox 451 987 570 1035; x_wconf 80' lang='lat' dir='ltr'>Cera-nce</span> <span class='ocrx_word' id='word_1_33' title='bbox 587 994 670 1034; x_wconf 78' lang='lat' dir='ltr'>nurnet</span> <span class='ocrx_word' id='word_1_34' title='bbox 702 986 728 1032; x_wconf 91' lang='lat' dir='ltr'>in</span> <span class='ocrx_word' id='word_1_35' title='bbox 745 984 805 1032; x_wconf 80' lang='lat' dir='ltr'>MSS.</span> <span class='ocrx_word' id='word_1_36' title='bbox 825 1001 866 1048; x_wconf 93' lang='lat' dir='ltr'>pro</span> <span class='ocrx_word' id='word_1_37' title='bbox 883 986 994 1032; x_wconf 70' lang='lat' dir='ltr'>deletum</span> <span class='ocrx_word' id='word_1_38' title='bbox 1010 989 1086 1033; x_wconf 77' lang='lat' dir='ltr'>mnu</span> <span class='ocrx_word' id='word_1_39' title='bbox 1103 1003 1147 1034; x_wconf 86' lang='lat' dir='ltr'>nos</span> <span class='ocrx_word' id='word_1_40' title='bbox 1163 1002 1204 1034; x_wconf 85' lang='lat' dir='ltr'>no·</span> 
     </span>
     <span class='ocr_line' id='line_1_6' title="bbox 174 1070 1205 1137; baseline -0.004 -14"><span class='ocrx_word' id='word_1_41' title='bbox 174 1084 205 1124; x_wconf 87' lang='lat' dir='ltr'>nt</span> <span class='ocrx_word' id='word_1_42' title='bbox 218 1077 326 1137; x_wconf 82' lang='lat' dir='ltr'>suerat,</span> <span class='ocrx_word' id='word_1_43' title='bbox 349 1090 391 1121; x_wconf 85' lang='lat' dir='ltr'>nee</span> <span class='ocrx_word' id='word_1_44' title='bbox 403 1074 503 1135; x_wconf 81' lang='lat' dir='ltr'>forneus</span> <span class='ocrx_word' id='word_1_45' title='bbox 519 1081 603 1121; x_wconf 75' lang='lat' dir='ltr'>seruit</span> <span class='ocrx_word' id='word_1_46' title='bbox 620 1088 672 1119; x_wconf 88' lang='lat' dir='ltr'>eus·</span> <span class='ocrx_word' id='word_1_47' title='bbox 704 1073 817 1134; x_wconf 67' lang='lat' dir='ltr'>uroque,</span> <span class='ocrx_word' id='word_1_48' title='bbox 827 1070 903 1132; x_wconf 85' lang='lat' dir='ltr'>illud,</span> <span class='ocrx_word' id='word_1_49' title='bbox 917 1071 979 1135; x_wconf 90' lang='lat' dir='ltr'>quod</span> <span class='ocrx_word' id='word_1_50' title='bbox 992 1071 1111 1134; x_wconf 82' lang='lat' dir='ltr'>volebam,</span> <span class='ocrx_word' id='word_1_51' title='bbox 1124 1080 1205 1119; x_wconf 84' lang='lat' dir='ltr'>mutu·</span> 
     </span>
     <span class='ocr_line' id='line_1_7' title="bbox 175 1157 1205 1223; baseline -0.005 -14"><span class='ocrx_word' id='word_1_52' title='bbox 175 1162 236 1209; x_wconf 83' lang='lat' dir='ltr'>dem.</span> <span class='ocrx_word' id='word_1_53' title='bbox 254 1160 332 1208; x_wconf 81' lang='lat' dir='ltr'>Nilu&#39;l</span> <span class='ocrx_word' id='word_1_54' title='bbox 343 1168 381 1208; x_wconf 86' lang='lat' dir='ltr'>est</span> <span class='ocrx_word' id='word_1_55' title='bbox 395 1167 445 1207; x_wconf 85' lang='lat' dir='ltr'>toto</span> <span class='ocrx_word' id='word_1_56' title='bbox 459 1160 521 1221; x_wconf 84' lang='lat' dir='ltr'>quod</span> <span class='ocrx_word' id='word_1_57' title='bbox 529 1167 631 1223; x_wconf 84' lang='lat' dir='ltr'>perstat</span> <span class='ocrx_word' id='word_1_58' title='bbox 643 1161 673 1205; x_wconf 82' lang='lat' dir='ltr'>in</span> <span class='ocrx_word' id='word_1_59' title='bbox 705 1174 760 1205; x_wconf 86' lang='lat' dir='ltr'>mur</span> <span class='ocrx_word' id='word_1_60' title='bbox 768 1157 853 1204; x_wconf 88' lang='lat' dir='ltr'>vilisse</span> <span class='ocrx_word' id='word_1_61' title='bbox 863 1158 968 1222; x_wconf 86' lang='lat' dir='ltr'>ipsosvel</span> <span class='ocrx_word' id='word_1_62' title='bbox 979 1158 1037 1222; x_wconf 88' lang='lat' dir='ltr'>ipsis</span> <span class='ocrx_word' id='word_1_63' title='bbox 1046 1159 1205 1223; x_wconf 73' lang='lat' dir='ltr'>antiquiores,</span> 
     </span>
     <span class='ocr_line' id='line_1_8' title="bbox 177 1230 1207 1308; baseline -0.003 -14"><span class='ocrx_word' id='word_1_64' title='bbox 177 1248 246 1295; x_wconf 78' lang='lat' dir='ltr'>orte:</span> <span class='ocrx_word' id='word_1_65' title='bbox 269 1246 360 1293; x_wconf 81' lang='lat' dir='ltr'>Cuncta</span> <span class='ocrx_word' id='word_1_66' title='bbox 369 1246 475 1307; x_wconf 85' lang='lat' dir='ltr'>fluunt,</span> <span class='ocrx_word' id='word_1_67' title='bbox 501 1247 624 1306; x_wconf 84' lang='lat' dir='ltr'>omnisque</span> <span class='ocrx_word' id='word_1_68' title='bbox 641 1260 682 1291; x_wconf 90' lang='lat' dir='ltr'>vu·</span> <span class='ocrx_word' id='word_1_69' title='bbox 714 1230 1207 1308; x_wconf 79' lang='lat' dir='ltr'>undeScholiesuscornpusuerunt.Caete-</span> 
     </span>
     <span class='ocr_line' id='line_1_9' title="bbox 174 1329 1210 1398; baseline -0.002 -19"><span class='ocrx_word' id='word_1_70' title='bbox 174 1348 240 1398; x_wconf 80' lang='lat' dir='ltr'>gens</span> <span class='ocrx_word' id='word_1_71' title='bbox 247 1332 376 1392; x_wconf 70' lang='lat' dir='ltr'>serenatur</span> <span class='ocrx_word' id='word_1_72' title='bbox 392 1333 484 1396; x_wconf 71' lang='lat' dir='ltr'>inungo.</span> <span class='ocrx_word' id='word_1_73' title='bbox 507 1330 603 1378; x_wconf 82' lang='lat' dir='ltr'>Nostra</span> <span class='ocrx_word' id='word_1_74' title='bbox 620 1346 675 1392; x_wconf 90' lang='lat' dir='ltr'>quo-</span> <span class='ocrx_word' id='word_1_75' title='bbox 707 1347 759 1377; x_wconf 88' lang='lat' dir='ltr'>rum</span> <span class='ocrx_word' id='word_1_76' title='bbox 770 1329 941 1377; x_wconf 79' lang='lat' dir='ltr'>commentator</span> <span class='ocrx_word' id='word_1_77' title='bbox 955 1348 1000 1378; x_wconf 90' lang='lat' dir='ltr'>uon</span> <span class='ocrx_word' id='word_1_78' title='bbox 1011 1331 1129 1395; x_wconf 81' lang='lat' dir='ltr'>ignoravit</span> <span class='ocrx_word' id='word_1_79' title='bbox 1138 1329 1210 1377; x_wconf 85' lang='lat' dir='ltr'>Scho-</span> 
     </span>
     <span class='ocr_line' id='line_1_10' title="bbox 118 1415 1211 1481; baseline -0.002 -15"><span class='ocrx_word' id='word_1_80' title='bbox 118 1463 120 1466; x_wconf 79' lang='grc'>,</span> <span class='ocrx_word' id='word_1_81' title='bbox 178 1420 338 1481; x_wconf 80' lang='lat' dir='ltr'>queu‘psorum</span> <span class='ocrx_word' id='word_1_82' title='bbox 353 1431 459 1480; x_wconf 73' lang='lat' dir='ltr'>seraper,</span> <span class='ocrx_word' id='word_1_83' title='bbox 477 1419 606 1478; x_wconf 81' lang='lat' dir='ltr'>requieque</span> <span class='ocrx_word' id='word_1_84' title='bbox 622 1418 677 1463; x_wconf 80' lang='lat' dir='ltr'>sine</span> <span class='ocrx_word' id='word_1_85' title='bbox 710 1415 759 1463; x_wconf 88' lang='lat' dir='ltr'>lion</span> <span class='ocrx_word' id='word_1_86' title='bbox 776 1415 851 1463; x_wconf 87' lang='lat' dir='ltr'>Servii</span> <span class='ocrx_word' id='word_1_87' title='bbox 874 1415 904 1464; x_wconf 83' lang='lat' dir='ltr'>ed</span> <span class='ocrx_word' id='word_1_88' title='bbox 920 1416 1017 1464; x_wconf 74' lang='lat' dir='ltr'>Aeneid.</span> <span class='ocrx_word' id='word_1_89' title='bbox 1038 1417 1085 1478; x_wconf 86' lang='lat' dir='ltr'>lX,</span> <span class='ocrx_word' id='word_1_90' title='bbox 1099 1418 1144 1464; x_wconf 78' lang='lat' dir='ltr'>oo:</span> <span class='ocrx_word' id='word_1_91' title='bbox 1167 1432 1211 1464; x_wconf 82' lang='lat' dir='ltr'>neo</span> 
     </span>
     <span class='ocr_line' id='line_1_11' title="bbox 179 1501 1211 1566; baseline -0.002 -15"><span class='ocrx_word' id='word_1_92' title='bbox 179 1505 230 1552; x_wconf 85' lang='lat' dir='ltr'>ullu</span> <span class='ocrx_word' id='word_1_93' title='bbox 249 1503 354 1566; x_wconf 86' lang='lat' dir='ltr'>Corpora</span> <span class='ocrx_word' id='word_1_94' title='bbox 373 1510 520 1563; x_wconf 85' lang='lat' dir='ltr'>vertuntur,</span> <span class='ocrx_word' id='word_1_95' title='bbox 543 1517 599 1563; x_wconf 84' lang='lat' dir='ltr'>neo,</span> <span class='ocrx_word' id='word_1_96' title='bbox 617 1501 679 1563; x_wconf 85' lang='lat' dir='ltr'>quod</span> <span class='ocrx_word' id='word_1_97' title='bbox 710 1504 776 1548; x_wconf 71' lang='lat' dir='ltr'>ersten</span> <span class='ocrx_word' id='word_1_98' title='bbox 788 1509 895 1564; x_wconf 85' lang='lat' dir='ltr'>possunt</span> <span class='ocrx_word' id='word_1_99' title='bbox 909 1510 1011 1548; x_wconf 77' lang='lat' dir='ltr'>aeterno</span> <span class='ocrx_word' id='word_1_100' title='bbox 1024 1517 1090 1562; x_wconf 86' lang='lat' dir='ltr'>esse,</span> <span class='ocrx_word' id='word_1_101' title='bbox 1105 1517 1165 1565; x_wconf 83' lang='lat' dir='ltr'>qnae</span> <span class='ocrx_word' id='word_1_102' title='bbox 1181 1503 1211 1549; x_wconf 89' lang='lat' dir='ltr'>ab</span> 
     </span>
     <span class='ocr_line' id='line_1_12' title="bbox 162 1566 1211 1650; baseline -0.001 -14"><span class='ocrx_word' id='word_1_103' title='bbox 162 1566 166 1575; x_wconf 37' lang='grc' dir='ltr'>Ι</span> <span class='ocrx_word' id='word_1_104' title='bbox 170 1591 316 1650; x_wconf 83' lang='lat' dir='ltr'>fuimusque</span> <span class='ocrx_word' id='word_1_105' title='bbox 337 1603 479 1650; x_wconf 84' lang='lat' dir='ltr'>sumusque,</span> <span class='ocrx_word' id='word_1_106' title='bbox 499 1588 560 1635; x_wconf 80' lang='lat' dir='ltr'>Orus</span> <span class='ocrx_word' id='word_1_107' title='bbox 577 1589 677 1634; x_wconf 76' lang='lat' dir='ltr'>erinnus.</span> <span class='ocrx_word' id='word_1_108' title='bbox 712 1587 850 1633; x_wconf 80' lang='lat' dir='ltr'>ltmuins&#39;lus</span> <span class='ocrx_word' id='word_1_109' title='bbox 863 1587 939 1646; x_wconf 86' lang='lat' dir='ltr'>suctu</span> <span class='ocrx_word' id='word_1_110' title='bbox 961 1594 1027 1635; x_wconf 83' lang='lat' dir='ltr'>sunt.</span> <span class='ocrx_word' id='word_1_111' title='bbox 1054 1588 1134 1635; x_wconf 80' lang='lat' dir='ltr'>Horat.</span> <span class='ocrx_word' id='word_1_112' title='bbox 1160 1587 1211 1636; x_wconf 74' lang='lat' dir='ltr'>tu.</span> 
     </span>
    </p>
   </div>
   <div class='ocr_carea' id='block_1_4' title="bbox 179 1668 1281 1732">
    <p class='ocr_par' dir='ltr' id='par_1_4' title="bbox 179 1668 1281 1732">
     <span class='ocr_line' id='line_1_13' title="bbox 179 1668 1281 1732; baseline -0.003 -9"><span class='ocrx_word' id='word_1_113' title='bbox 179 1677 222 1723; x_wconf 67' lang='grc' dir='ltr'>δίο</span> <span class='ocrx_word' id='word_1_114' title='bbox 245 1677 321 1722; x_wconf 83' lang='lat' dir='ltr'>toties</span> <span class='ocrx_word' id='word_1_115' title='bbox 342 1689 412 1721; x_wconf 85' lang='lat' dir='ltr'>versu</span> <span class='ocrx_word' id='word_1_116' title='bbox 434 1681 472 1720; x_wconf 91' lang='lat' dir='ltr'>est</span> <span class='ocrx_word' id='word_1_117' title='bbox 486 1674 595 1732; x_wconf 86' lang='lat' dir='ltr'>fortune</span> <span class='ocrx_word' id='word_1_118' title='bbox 621 1673 680 1719; x_wconf 84' lang='lat' dir='ltr'>loeo·</span> <span class='ocrx_word' id='word_1_119' title='bbox 712 1672 828 1719; x_wconf 70' lang='lat' dir='ltr'>conss.</span> <span class='ocrx_word' id='word_1_120' title='bbox 848 1670 965 1718; x_wconf 87' lang='lat' dir='ltr'>Debemnr</span> <span class='ocrx_word' id='word_1_121' title='bbox 982 1672 1053 1719; x_wconf 85' lang='lat' dir='ltr'>morti</span> <span class='ocrx_word' id='word_1_122' title='bbox 1066 1690 1107 1720; x_wconf 89' lang='lat' dir='ltr'>nos</span> <span class='ocrx_word' id='word_1_123' title='bbox 1123 1683 1214 1721; x_wconf 84' lang='lat' dir='ltr'>nostra·</span> <span class='ocrx_word' id='word_1_124' title='bbox 1277 1668 1281 1679; x_wconf 92' lang='lat'>&#39;</span> 
     </span>
    </p>
   </div>
   <div class='ocr_carea' id='block_1_5' title="bbox 179 1758 1269 4140">
    <p class='ocr_par' dir='ltr' id='par_1_5' title="bbox 179 1758 1269 4140">
     <span class='ocr_line' id='line_1_14' title="bbox 179 1758 1214 1824; baseline -0.004 -16"><span class='ocrx_word' id='word_1_125' title='bbox 179 1777 241 1808; x_wconf 79' lang='lat' dir='ltr'>rusn.</span> <span class='ocrx_word' id='word_1_126' title='bbox 261 1761 318 1807; x_wconf 80' lang='lat' dir='ltr'>Vidi</span> <span class='ocrx_word' id='word_1_127' title='bbox 327 1776 381 1824; x_wconf 75' lang='lat' dir='ltr'>ego,</span> <span class='ocrx_word' id='word_1_128' title='bbox 396 1759 553 1821; x_wconf 84' lang='lat' dir='ltr'>quodsuerut</span> <span class='ocrx_word' id='word_1_129' title='bbox 562 1759 680 1821; x_wconf 82' lang='lat' dir='ltr'>quondum</span> <span class='ocrx_word' id='word_1_130' title='bbox 713 1774 767 1823; x_wconf 90' lang='lat' dir='ltr'>que.</span> <span class='ocrx_word' id='word_1_131' title='bbox 782 1774 839 1804; x_wconf 87' lang='lat' dir='ltr'>num</span> <span class='ocrx_word' id='word_1_132' title='bbox 849 1760 917 1805; x_wconf 83' lang='lat' dir='ltr'>sieut</span> <span class='ocrx_word' id='word_1_133' title='bbox 928 1758 1085 1819; x_wconf 79' lang='lat' dir='ltr'>unirnisuctu</span> <span class='ocrx_word' id='word_1_134' title='bbox 1096 1767 1156 1806; x_wconf 76' lang='lat' dir='ltr'>secut</span> <span class='ocrx_word' id='word_1_135' title='bbox 1167 1761 1214 1806; x_wconf 83' lang='lat' dir='ltr'>e&#39;nt-</span> 
     </span>
     <span class='ocr_line' id='line_1_15' title="bbox 180 1843 1216 1908; baseline -0.004 -14"><span class='ocrx_word' id='word_1_136' title='bbox 180 1846 335 1894; x_wconf 79' lang='lat' dir='ltr'>solidisst&#39;mu</span> <span class='ocrx_word' id='word_1_137' title='bbox 365 1846 452 1907; x_wconf 83' lang='lat' dir='ltr'>tellus,</span> <span class='ocrx_word' id='word_1_138' title='bbox 484 1845 547 1892; x_wconf 85' lang='lat' dir='ltr'>Esse</span> <span class='ocrx_word' id='word_1_139' title='bbox 571 1845 679 1904; x_wconf 74' lang='lat' dir='ltr'>fletum.</span> <span class='ocrx_word' id='word_1_140' title='bbox 713 1845 844 1905; x_wconf 81' lang='lat' dir='ltr'>mortalia,</span> <span class='ocrx_word' id='word_1_141' title='bbox 859 1846 899 1890; x_wconf 84' lang='lat' dir='ltr'>itu</span> <span class='ocrx_word' id='word_1_142' title='bbox 913 1847 1023 1907; x_wconf 82' lang='lat' dir='ltr'>eorporis</span> <span class='ocrx_word' id='word_1_143' title='bbox 1034 1852 1146 1908; x_wconf 74' lang='lat' dir='ltr'>perorent.</span> <span class='ocrx_word' id='word_1_144' title='bbox 1165 1843 1216 1892; x_wconf 83' lang='lat' dir='ltr'>Sal-</span> 
     </span>
     <span class='ocr_line' id='line_1_16' title="bbox 183 1929 1215 1994; baseline 0 -16"><span class='ocrx_word' id='word_1_145' title='bbox 183 1932 297 1992; x_wconf 77' lang='lat' dir='ltr'>Quodque</span> <span class='ocrx_word' id='word_1_146' title='bbox 311 1930 371 1990; x_wconf 82' lang='lat' dir='ltr'>fuit</span> <span class='ocrx_word' id='word_1_147' title='bbox 391 1946 506 1994; x_wconf 80' lang='lat' dir='ltr'>eucnpns,</span> <span class='ocrx_word' id='word_1_148' title='bbox 532 1932 619 1978; x_wconf 69' lang='lat' dir='ltr'>vudum</span> <span class='ocrx_word' id='word_1_149' title='bbox 641 1930 679 1977; x_wconf 88' lang='lat' dir='ltr'>de·</span> <span class='ocrx_word' id='word_1_150' title='bbox 712 1929 799 1976; x_wconf 88' lang='lat' dir='ltr'>lustius</span> <span class='ocrx_word' id='word_1_151' title='bbox 821 1931 871 1994; x_wconf 86' lang='lat' dir='ltr'>lug.</span> <span class='ocrx_word' id='word_1_152' title='bbox 896 1930 936 1979; x_wconf 83' lang='lat' dir='ltr'>Xl.</span> <span class='ocrx_word' id='word_1_153' title='bbox 977 1931 1106 1978; x_wconf 78' lang='lat' dir='ltr'>Caeterum</span> <span class='ocrx_word' id='word_1_154' title='bbox 1128 1931 1215 1978; x_wconf 81' lang='lat' dir='ltr'>studia</span> 
     </span>
     <span class='ocr_line' id='line_1_17' title="bbox 182 2017 1217 2079; baseline -0.002 -14"><span class='ocrx_word' id='word_1_155' title='bbox 182 2034 269 2070; x_wconf 86' lang='lat' dir='ltr'>eursus</span> <span class='ocrx_word' id='word_1_156' title='bbox 276 2033 395 2079; x_wconf 84' lang='lat' dir='ltr'>equorum</span> <span class='ocrx_word' id='word_1_157' title='bbox 401 2018 472 2064; x_wconf 82' lang='lat' dir='ltr'>Fecit</span> <span class='ocrx_word' id='word_1_158' title='bbox 477 2053 484 2079; x_wconf 86' lang='lat'>,</span> <span class='ocrx_word' id='word_1_159' title='bbox 494 2025 519 2063; x_wconf 86' lang='lat' dir='ltr'>et</span> <span class='ocrx_word' id='word_1_160' title='bbox 527 2018 607 2063; x_wconf 80' lang='lat' dir='ltr'>eluvie</span> <span class='ocrx_word' id='word_1_161' title='bbox 615 2031 683 2062; x_wconf 85' lang='lat' dir='ltr'>mons</span> <span class='ocrx_word' id='word_1_162' title='bbox 715 2017 796 2062; x_wconf 80' lang='lat' dir='ltr'>oruniu</span> <span class='ocrx_word' id='word_1_163' title='bbox 810 2023 910 2078; x_wconf 85' lang='lat' dir='ltr'>nostru,</span> <span class='ocrx_word' id='word_1_164' title='bbox 925 2018 1103 2077; x_wconf 73' lang='lat' dir='ltr'>sicutenim,</span> <span class='ocrx_word' id='word_1_165' title='bbox 1117 2018 1217 2063; x_wconf 80' lang='lat' dir='ltr'>icncnor-</span> 
     </span>
     <span class='ocr_line' id='line_1_18' title="bbox 183 2101 1217 2164; baseline -0.004 -12"><span class='ocrx_word' id='word_1_166' title='bbox 183 2111 222 2152; x_wconf 83' lang='lat' dir='ltr'>est</span> <span class='ocrx_word' id='word_1_167' title='bbox 237 2103 355 2150; x_wconf 53' lang='lat' dir='ltr'>&amp;duetus</span> <span class='ocrx_word' id='word_1_168' title='bbox 371 2103 399 2148; x_wconf 84' lang='lat' dir='ltr'>in</span> <span class='ocrx_word' id='word_1_169' title='bbox 416 2117 512 2163; x_wconf 81' lang='lat' dir='ltr'>aequor.</span> <span class='ocrx_word' id='word_1_170' title='bbox 531 2102 600 2162; x_wconf 83' lang='lat' dir='ltr'>Eque</span> <span class='ocrx_word' id='word_1_171' title='bbox 610 2103 683 2164; x_wconf 83' lang='lat' dir='ltr'>polu·</span> <span class='ocrx_word' id='word_1_172' title='bbox 717 2103 782 2146; x_wconf 81' lang='lat' dir='ltr'>tolia</span> <span class='ocrx_word' id='word_1_173' title='bbox 798 2105 885 2148; x_wconf 87' lang='lat' dir='ltr'>sunt.”</span> <span class='ocrx_word' id='word_1_174' title='bbox 903 2102 965 2148; x_wconf 84' lang='lat' dir='ltr'>llaec</span> <span class='ocrx_word' id='word_1_175' title='bbox 982 2102 1087 2150; x_wconf 88' lang='lat' dir='ltr'>Servius:</span> <span class='ocrx_word' id='word_1_176' title='bbox 1106 2104 1131 2149; x_wconf 93' lang='lat' dir='ltr'>in</span> <span class='ocrx_word' id='word_1_177' title='bbox 1149 2101 1217 2149; x_wconf 83' lang='lat' dir='ltr'>cuius</span> 
     </span>
     <span class='ocr_line' id='line_1_19' title="bbox 184 2184 1218 2250; baseline -0.003 -13"><span class='ocrx_word' id='word_1_178' title='bbox 184 2189 242 2237; x_wconf 84' lang='lat' dir='ltr'>dosa</span> <span class='ocrx_word' id='word_1_179' title='bbox 258 2189 333 2235; x_wconf 78' lang='lat' dir='ltr'>siccis</span> <span class='ocrx_word' id='word_1_180' title='bbox 347 2187 434 2233; x_wconf 69' lang='lat' dir='ltr'>hunnus</span> <span class='ocrx_word' id='word_1_181' title='bbox 448 2195 504 2232; x_wconf 80' lang='lat' dir='ltr'>uret</span> <span class='ocrx_word' id='word_1_182' title='bbox 517 2187 610 2232; x_wconf 82' lang='lat' dir='ltr'>arenis.</span> <span class='ocrx_word' id='word_1_183' title='bbox 630 2186 686 2231; x_wconf 79' lang='lat' dir='ltr'>Coe·</span> <span class='ocrx_word' id='word_1_184' title='bbox 718 2185 881 2232; x_wconf 69' lang='lat' dir='ltr'>annotatione·</span> <span class='ocrx_word' id='word_1_185' title='bbox 903 2184 947 2232; x_wconf 90' lang='lat' dir='ltr'>hoe</span> <span class='ocrx_word' id='word_1_186' title='bbox 980 2186 1218 2250; x_wconf 85' lang='lat' dir='ltr'>reprehendendum,</span> 
     </span>
     <span class='ocr_line' id='line_1_20' title="bbox 186 2266 1219 2335; baseline -0.002 -14"><span class='ocrx_word' id='word_1_187' title='bbox 186 2276 253 2334; x_wconf 78' lang='lat' dir='ltr'>lucu,</span> <span class='ocrx_word' id='word_1_188' title='bbox 267 2280 293 2319; x_wconf 86' lang='lat' dir='ltr'>et</span> <span class='ocrx_word' id='word_1_189' title='bbox 310 2270 513 2333; x_wconf 82' lang='lat' dir='ltr'>quodeunquesnl</span> <span class='ocrx_word' id='word_1_190' title='bbox 527 2271 574 2316; x_wconf 75' lang='lat' dir='ltr'>illa</span> <span class='ocrx_word' id='word_1_191' title='bbox 588 2277 626 2316; x_wconf 83' lang='lat' dir='ltr'>est</span> <span class='ocrx_word' id='word_1_192' title='bbox 640 2270 688 2316; x_wconf 85' lang='lat' dir='ltr'>Im-</span> <span class='ocrx_word' id='word_1_193' title='bbox 720 2266 797 2334; x_wconf 83' lang='lat' dir='ltr'>quod,</span> <span class='ocrx_word' id='word_1_194' title='bbox 825 2285 898 2334; x_wconf 89' lang='lat' dir='ltr'>quum</span> <span class='ocrx_word' id='word_1_195' title='bbox 920 2270 1031 2335; x_wconf 82' lang='lat' dir='ltr'>Virgilius</span> <span class='ocrx_word' id='word_1_196' title='bbox 1053 2271 1081 2318; x_wconf 89' lang='lat' dir='ltr'>de</span> <span class='ocrx_word' id='word_1_197' title='bbox 1103 2287 1162 2318; x_wconf 78' lang='lat' dir='ltr'>renue</span> <span class='ocrx_word' id='word_1_198' title='bbox 1185 2272 1219 2319; x_wconf 90' lang='lat' dir='ltr'>lo·</span> 
     </span>
     <span class='ocr_line' id='line_1_21' title="bbox 185 2339 1219 2421; baseline 0 -15"><span class='ocrx_word' id='word_1_199' title='bbox 185 2366 269 2406; x_wconf 79' lang='lat' dir='ltr'>rnutut</span> <span class='ocrx_word' id='word_1_200' title='bbox 277 2357 377 2417; x_wconf 76' lang='lat' dir='ltr'>forneus</span> <span class='ocrx_word' id='word_1_201' title='bbox 394 2357 513 2417; x_wconf 85' lang='lat' dir='ltr'>tellusque</span> <span class='ocrx_word' id='word_1_202' title='bbox 530 2363 555 2402; x_wconf 84' lang='lat' dir='ltr'>et</span> <span class='ocrx_word' id='word_1_203' title='bbox 568 2355 690 2416; x_wconf 83' lang='lat' dir='ltr'>quidquid</span> <span class='ocrx_word' id='word_1_204' title='bbox 721 2364 808 2418; x_wconf 87' lang='lat' dir='ltr'>quatur</span> <span class='ocrx_word' id='word_1_205' title='bbox 824 2339 945 2402; x_wconf 79' lang='lat' dir='ltr'>lominum</span> <span class='ocrx_word' id='word_1_206' title='bbox 962 2356 1071 2404; x_wconf 80' lang='lat' dir='ltr'>menibus</span> <span class='ocrx_word' id='word_1_207' title='bbox 1088 2356 1219 2421; x_wconf 81' lang='lat' dir='ltr'>fabricata,</span> 
     </span>
     <span class='ocr_line' id='line_1_22' title="bbox 186 2439 1221 2504; baseline 0.001 -12"><span class='ocrx_word' id='word_1_208' title='bbox 186 2445 275 2493; x_wconf 81' lang='lat' dir='ltr'>inille</span> <span class='ocrx_word' id='word_1_209' title='bbox 289 2451 334 2491; x_wconf 85' lang='lat' dir='ltr'>est.</span> <span class='ocrx_word' id='word_1_210' title='bbox 350 2442 403 2489; x_wconf 89' lang='lat' dir='ltr'>Nos</span> <span class='ocrx_word' id='word_1_211' title='bbox 416 2456 507 2503; x_wconf 87' lang='lat' dir='ltr'>qnoque</span> <span class='ocrx_word' id='word_1_212' title='bbox 516 2457 579 2504; x_wconf 78' lang='lat' dir='ltr'>pecs</span> <span class='ocrx_word' id='word_1_213' title='bbox 592 2440 685 2487; x_wconf 74' lang='lat' dir='ltr'>sucendi.</span> <span class='ocrx_word' id='word_1_214' title='bbox 720 2439 782 2486; x_wconf 87' lang='lat' dir='ltr'>illud</span> <span class='ocrx_word' id='word_1_215' title='bbox 797 2440 903 2504; x_wconf 82' lang='lat' dir='ltr'>exemplo</span> <span class='ocrx_word' id='word_1_216' title='bbox 917 2452 1023 2490; x_wconf 81' lang='lat' dir='ltr'>mutatae</span> <span class='ocrx_word' id='word_1_217' title='bbox 1037 2442 1158 2492; x_wconf 88' lang='lat' dir='ltr'>hominum</span> <span class='ocrx_word' id='word_1_218' title='bbox 1172 2462 1221 2493; x_wconf 80' lang='lat' dir='ltr'>ma-</span> 
     </span>
     <span class='ocr_line' id='line_1_23' title="bbox 187 2524 1221 2594; baseline 0 -16"><span class='ocrx_word' id='word_1_219' title='bbox 187 2531 229 2578; x_wconf 80' lang='lat' dir='ltr'>His</span> <span class='ocrx_word' id='word_1_220' title='bbox 244 2528 319 2577; x_wconf 83' lang='lat' dir='ltr'>Ovidii</span> <span class='ocrx_word' id='word_1_221' title='bbox 336 2528 393 2575; x_wconf 88' lang='lat' dir='ltr'>locis</span> <span class='ocrx_word' id='word_1_222' title='bbox 410 2526 469 2575; x_wconf 82' lang='lat' dir='ltr'>udde</span> <span class='ocrx_word' id='word_1_223' title='bbox 486 2525 588 2574; x_wconf 80' lang='lat' dir='ltr'>Scholia.</span> <span class='ocrx_word' id='word_1_224' title='bbox 612 2533 683 2573; x_wconf 79' lang='lat' dir='ltr'>Acro:</span> <span class='ocrx_word' id='word_1_225' title='bbox 718 2524 787 2572; x_wconf 88' lang='lat' dir='ltr'>nibus</span> <span class='ocrx_word' id='word_1_226' title='bbox 804 2535 902 2573; x_wconf 82' lang='lat' dir='ltr'>neturus</span> <span class='ocrx_word' id='word_1_227' title='bbox 915 2527 1053 2577; x_wconf 83' lang='lat' dir='ltr'>rllustcavit.</span> <span class='ocrx_word' id='word_1_228' title='bbox 1067 2529 1092 2576; x_wconf 93' lang='lat' dir='ltr'>ln</span> <span class='ocrx_word' id='word_1_229' title='bbox 1107 2546 1153 2594; x_wconf 93' lang='lat' dir='ltr'>quo</span> <span class='ocrx_word' id='word_1_230' title='bbox 1169 2540 1221 2578; x_wconf 82' lang='lat' dir='ltr'>tan-</span> 
     </span>
     <span class='ocr_line' id='line_1_24' title="bbox 190 2612 1221 2680; baseline 0 -17"><span class='ocrx_word' id='word_1_231' title='bbox 190 2617 222 2664; x_wconf 83' lang='lat' dir='ltr'>Se&#39;</span> <span class='ocrx_word' id='word_1_232' title='bbox 242 2631 299 2680; x_wconf 76' lang='lat' dir='ltr'>ergo</span> <span class='ocrx_word' id='word_1_233' title='bbox 320 2621 435 2661; x_wconf 82' lang='lat' dir='ltr'>mutatur</span> <span class='ocrx_word' id='word_1_234' title='bbox 456 2620 548 2660; x_wconf 86' lang='lat' dir='ltr'>nutura</span> <span class='ocrx_word' id='word_1_235' title='bbox 567 2614 647 2658; x_wconf 75' lang='lat' dir='ltr'>lueres</span> <span class='ocrx_word' id='word_1_236' title='bbox 664 2619 690 2658; x_wconf 90' lang='lat' dir='ltr'>et</span> <span class='ocrx_word' id='word_1_237' title='bbox 723 2621 773 2658; x_wconf 88' lang='lat' dir='ltr'>tum</span> <span class='ocrx_word' id='word_1_238' title='bbox 792 2621 828 2657; x_wconf 89' lang='lat' dir='ltr'>est</span> <span class='ocrx_word' id='word_1_239' title='bbox 844 2612 986 2675; x_wconf 86' lang='lat' dir='ltr'>descrimen,</span> <span class='ocrx_word' id='word_1_240' title='bbox 1004 2625 1119 2678; x_wconf 77' lang='lat' dir='ltr'>quantum</span> <span class='ocrx_word' id='word_1_241' title='bbox 1134 2626 1169 2663; x_wconf 89' lang='lat' dir='ltr'>est</span> <span class='ocrx_word' id='word_1_242' title='bbox 1185 2616 1221 2663; x_wconf 89' lang='lat' dir='ltr'>in-</span> 
     </span>
     <span class='ocr_line' id='line_1_25' title="bbox 191 2699 1220 2761; baseline 0 -12"><span class='ocrx_word' id='word_1_243' title='bbox 191 2710 313 2750; x_wconf 84' lang='lat' dir='ltr'>terrue—</span> <span class='ocrx_word' id='word_1_244' title='bbox 323 2700 445 2761; x_wconf 75' lang='lat' dir='ltr'>siquidem</span> <span class='ocrx_word' id='word_1_245' title='bbox 458 2701 535 2746; x_wconf 76' lang='lat' dir='ltr'>etium</span> <span class='ocrx_word' id='word_1_246' title='bbox 550 2705 643 2744; x_wconf 80' lang='lat' dir='ltr'>notura</span> <span class='ocrx_word' id='word_1_247' title='bbox 653 2699 692 2760; x_wconf 81' lang='lat' dir='ltr'>ip-</span> <span class='ocrx_word' id='word_1_248' title='bbox 724 2706 762 2742; x_wconf 89' lang='lat' dir='ltr'>ter</span> <span class='ocrx_word' id='word_1_249' title='bbox 783 2712 832 2742; x_wconf 85' lang='lat' dir='ltr'>rem</span> <span class='ocrx_word' id='word_1_250' title='bbox 851 2699 988 2745; x_wconf 72' lang='lat' dir='ltr'>nutrientem</span> <span class='ocrx_word' id='word_1_251' title='bbox 1005 2710 1029 2746; x_wconf 90' lang='lat' dir='ltr'>et</span> <span class='ocrx_word' id='word_1_252' title='bbox 1046 2704 1220 2750; x_wconf 80' lang='lat' dir='ltr'>inanimatum.</span> 
     </span>
     <span class='ocr_line' id='line_1_26' title="bbox 191 2780 1222 2835; baseline -0.001 -1"><span class='ocrx_word' id='word_1_253' title='bbox 191 2803 220 2835; x_wconf 89' lang='lat' dir='ltr'>su</span> <span class='ocrx_word' id='word_1_254' title='bbox 235 2793 364 2833; x_wconf 82' lang='lat' dir='ltr'>mutetur:</span> <span class='ocrx_word' id='word_1_255' title='bbox 381 2787 423 2832; x_wconf 80' lang='lat' dir='ltr'>ubi</span> <span class='ocrx_word' id='word_1_256' title='bbox 441 2792 509 2831; x_wconf 85' lang='lat' dir='ltr'>terra</span> <span class='ocrx_word' id='word_1_257' title='bbox 525 2785 554 2830; x_wconf 83' lang='lat' dir='ltr'>in</span> <span class='ocrx_word' id='word_1_258' title='bbox 568 2797 636 2829; x_wconf 78' lang='lat' dir='ltr'>unare</span> <span class='ocrx_word' id='word_1_259' title='bbox 649 2782 692 2828; x_wconf 84' lang='lat' dir='ltr'>du·</span> <span class='ocrx_word' id='word_1_260' title='bbox 723 2780 800 2827; x_wconf 77' lang='lat' dir='ltr'>Aliam</span> <span class='ocrx_word' id='word_1_261' title='bbox 825 2781 923 2829; x_wconf 83' lang='lat' dir='ltr'>sormam</span> <span class='ocrx_word' id='word_1_262' title='bbox 946 2794 1043 2834; x_wconf 79' lang='lat' dir='ltr'>naturae</span> <span class='ocrx_word' id='word_1_263' title='bbox 1069 2785 1158 2833; x_wconf 80' lang='lat' dir='ltr'>(lamus.</span> <span class='ocrx_word' id='word_1_264' title='bbox 1190 2787 1222 2834; x_wconf 84' lang='lat' dir='ltr'>Ea</span> 
     </span>
     <span class='ocr_line' id='line_1_27' title="bbox 192 2867 1222 2934; baseline 0.001 -15"><span class='ocrx_word' id='word_1_265' title='bbox 192 2875 274 2933; x_wconf 82' lang='lat' dir='ltr'>citur,</span> <span class='ocrx_word' id='word_1_266' title='bbox 295 2871 400 2934; x_wconf 82' lang='lat' dir='ltr'>paludes</span> <span class='ocrx_word' id='word_1_267' title='bbox 421 2875 553 2916; x_wconf 83' lang='lat' dir='ltr'>uertuntur</span> <span class='ocrx_word' id='word_1_268' title='bbox 574 2869 604 2913; x_wconf 83' lang='lat' dir='ltr'>iu</span> <span class='ocrx_word' id='word_1_269' title='bbox 624 2882 692 2930; x_wconf 81' lang='lat' dir='ltr'>sego·</span> <span class='ocrx_word' id='word_1_270' title='bbox 725 2867 909 2929; x_wconf 71' lang='lat' dir='ltr'>immanuel,</span> <span class='ocrx_word' id='word_1_271' title='bbox 935 2869 990 2933; x_wconf 84' lang='lat' dir='ltr'>quia</span> <span class='ocrx_word' id='word_1_272' title='bbox 1008 2880 1110 2933; x_wconf 82' lang='lat' dir='ltr'>nutura,</span> <span class='ocrx_word' id='word_1_273' title='bbox 1133 2872 1222 2920; x_wconf 82' lang='lat' dir='ltr'>animal</span> 
     </span>
     <span class='ocr_line' id='line_1_28' title="bbox 195 2952 1222 3021; baseline 0 -15"><span class='ocrx_word' id='word_1_274' title='bbox 195 2967 246 3017; x_wconf 85' lang='lat' dir='ltr'>tes,</span> <span class='ocrx_word' id='word_1_275' title='bbox 261 2958 371 3019; x_wconf 85' lang='lat' dir='ltr'>flumine</span> <span class='ocrx_word' id='word_1_276' title='bbox 384 2970 456 3002; x_wconf 85' lang='lat' dir='ltr'>suum</span> <span class='ocrx_word' id='word_1_277' title='bbox 471 2960 571 3000; x_wconf 77' lang='lat' dir='ltr'>cautant</span> <span class='ocrx_word' id='word_1_278' title='bbox 586 2967 692 2999; x_wconf 77' lang='lat' dir='ltr'>cursum.</span> <span class='ocrx_word' id='word_1_279' title='bbox 727 2952 819 3014; x_wconf 80' lang='lat' dir='ltr'>vivum,</span> <span class='ocrx_word' id='word_1_280' title='bbox 837 2953 888 3017; x_wconf 82' lang='lat' dir='ltr'>ipss</span> <span class='ocrx_word' id='word_1_281' title='bbox 904 2952 1025 3002; x_wconf 89' lang='lat' dir='ltr'>hominum</span> <span class='ocrx_word' id='word_1_282' title='bbox 1042 2973 1100 3021; x_wconf 88' lang='lat' dir='ltr'>opus</span> <span class='ocrx_word' id='word_1_283' title='bbox 1116 2956 1222 3007; x_wconf 82' lang='lat' dir='ltr'>adiuvat.</span> 
     </span>
     <span class='ocr_line' id='line_1_29' title="bbox 195 3039 1226 3108; baseline 0 -16"><span class='ocrx_word' id='word_1_284' title='bbox 195 3046 226 3093; x_wconf 82' lang='lat' dir='ltr'>Si</span> <span class='ocrx_word' id='word_1_285' title='bbox 242 3044 300 3090; x_wconf 79' lang='lat' dir='ltr'>huuc</span> <span class='ocrx_word' id='word_1_286' title='bbox 315 3042 396 3088; x_wconf 77' lang='lat' dir='ltr'>munia</span> <span class='ocrx_word' id='word_1_287' title='bbox 409 3046 552 3100; x_wconf 78' lang='lat' dir='ltr'>mutantur,</span> <span class='ocrx_word' id='word_1_288' title='bbox 571 3039 695 3085; x_wconf 81' lang='lat' dir='ltr'>uerborum</span> <span class='ocrx_word' id='word_1_289' title='bbox 759 3039 819 3085; x_wconf 76' lang='lat' dir='ltr'>Sive</span> <span class='ocrx_word' id='word_1_290' title='bbox 847 3047 958 3103; x_wconf 52' lang='lat' dir='ltr'>receptus</span> <span class='ocrx_word' id='word_1_291' title='bbox 988 3044 1065 3089; x_wconf 80' lang='lat' dir='ltr'>Terra</span> <span class='ocrx_word' id='word_1_292' title='bbox 1092 3043 1226 3108; x_wconf 77' lang='lat' dir='ltr'>Neptunus</span> 
     </span>
     <span class='ocr_line' id='line_1_30' title="bbox 192 3123 1224 3195; baseline 0.003 -19"><span class='ocrx_word' id='word_1_293' title='bbox 192 3144 285 3195; x_wconf 78' lang='lat' dir='ltr'>genero</span> <span class='ocrx_word' id='word_1_294' title='bbox 307 3127 429 3191; x_wconf 82' lang='lat' dir='ltr'>perennio</span> <span class='ocrx_word' id='word_1_295' title='bbox 459 3139 556 3172; x_wconf 72' lang='lat' dir='ltr'>uulnere</span> <span class='ocrx_word' id='word_1_296' title='bbox 585 3123 696 3187; x_wconf 84' lang='lat' dir='ltr'>qumnodo</span> <span class='ocrx_word' id='word_1_297' title='bbox 727 3125 1224 3195; x_wconf 78' lang='lat' dir='ltr'>clussesuquilonilursureet,Regisopus.</span> 
     </span>
     <span class='ocr_line' id='line_1_31' title="bbox 192 3209 1223 3282; baseline -0.001 -18"><span class='ocrx_word' id='word_1_298' title='bbox 192 3211 319 3280; x_wconf 78' lang='lat' dir='ltr'>possunt?</span> <span class='ocrx_word' id='word_1_299' title='bbox 335 3213 518 3259; x_wconf 85' lang='lat' dir='ltr'>Commentator:</span> <span class='ocrx_word' id='word_1_300' title='bbox 538 3212 611 3258; x_wconf 69' lang='lat' dir='ltr'>Sinin</span> <span class='ocrx_word' id='word_1_301' title='bbox 626 3211 694 3271; x_wconf 82' lang='lat' dir='ltr'>istu,</span> <span class='ocrx_word' id='word_1_302' title='bbox 727 3209 753 3257; x_wconf 83' lang='lat' dir='ltr'>G.</span> <span class='ocrx_word' id='word_1_303' title='bbox 769 3209 904 3258; x_wconf 82' lang='lat' dir='ltr'>Waddelius</span> <span class='ocrx_word' id='word_1_304' title='bbox 923 3213 949 3260; x_wconf 89' lang='lat' dir='ltr'>in</span> <span class='ocrx_word' id='word_1_305' title='bbox 972 3214 1093 3263; x_wconf 74' lang='lat' dir='ltr'>Animedv.</span> <span class='ocrx_word' id='word_1_306' title='bbox 1111 3233 1164 3282; x_wconf 84' lang='lat' dir='ltr'>pag.</span> <span class='ocrx_word' id='word_1_307' title='bbox 1183 3219 1223 3266; x_wconf 82' lang='lat'>83.</span> 
     </span>
     <span class='ocr_line' id='line_1_32' title="bbox 198 3294 1225 3370; baseline 0.002 -21"><span class='ocrx_word' id='word_1_308' title='bbox 198 3316 259 3364; x_wconf 84' lang='lat' dir='ltr'>quus</span> <span class='ocrx_word' id='word_1_309' title='bbox 280 3300 409 3347; x_wconf 78' lang='lat' dir='ltr'>naturalia</span> <span class='ocrx_word' id='word_1_310' title='bbox 418 3298 541 3358; x_wconf 82' lang='lat' dir='ltr'>suerunt,</span> <span class='ocrx_word' id='word_1_311' title='bbox 560 3302 696 3359; x_wconf 86' lang='lat' dir='ltr'>potuerunt</span> <span class='ocrx_word' id='word_1_312' title='bbox 729 3294 874 3360; x_wconf 83' lang='lat' dir='ltr'>corrigebat:</span> <span class='ocrx_word' id='word_1_313' title='bbox 900 3307 993 3362; x_wconf 80' lang='lat' dir='ltr'>recepto</span> <span class='ocrx_word' id='word_1_314' title='bbox 1010 3303 1087 3348; x_wconf 81' lang='lat' dir='ltr'>Terre</span> <span class='ocrx_word' id='word_1_315' title='bbox 1102 3303 1225 3370; x_wconf 81' lang='lat' dir='ltr'>Neptuno.</span> 
     </span>
     <span class='ocr_line' id='line_1_33' title="bbox 198 3381 1227 3453; baseline 0.003 -18"><span class='ocrx_word' id='word_1_316' title='bbox 198 3388 228 3435; x_wconf 80' lang='lat' dir='ltr'>ub</span> <span class='ocrx_word' id='word_1_317' title='bbox 257 3386 395 3434; x_wconf 75' lang='lat' dir='ltr'>hominibus</span> <span class='ocrx_word' id='word_1_318' title='bbox 412 3383 556 3447; x_wconf 82' lang='lat' dir='ltr'>permutari</span> <span class='ocrx_word' id='word_1_319' title='bbox 562 3403 573 3441; x_wconf 88' lang='lat'>‚·</span> <span class='ocrx_word' id='word_1_320' title='bbox 605 3383 645 3428; x_wconf 78' lang='lat' dir='ltr'>itu</span> <span class='ocrx_word' id='word_1_321' title='bbox 672 3389 698 3429; x_wconf 85' lang='lat' dir='ltr'>et</span> <span class='ocrx_word' id='word_1_322' title='bbox 729 3381 809 3446; x_wconf 88' lang='lat' dir='ltr'>Neque</span> <span class='ocrx_word' id='word_1_323' title='bbox 830 3385 1000 3448; x_wconf 78' lang='lat' dir='ltr'>necessarium,</span> <span class='ocrx_word' id='word_1_324' title='bbox 1021 3397 1045 3435; x_wconf 91' lang='lat' dir='ltr'>et</span> <span class='ocrx_word' id='word_1_325' title='bbox 1059 3387 1128 3453; x_wconf 85' lang='lat' dir='ltr'>louge</span> <span class='ocrx_word' id='word_1_326' title='bbox 1150 3391 1227 3438; x_wconf 87' lang='lat' dir='ltr'>minus</span> 
     </span>
     <span class='ocr_line' id='line_1_34' title="bbox 199 3468 1229 3538; baseline 0.003 -18"><span class='ocrx_word' id='word_1_327' title='bbox 199 3474 259 3534; x_wconf 79' lang='lat' dir='ltr'>ille,</span> <span class='ocrx_word' id='word_1_328' title='bbox 277 3485 338 3533; x_wconf 83' lang='lat' dir='ltr'>quus</span> <span class='ocrx_word' id='word_1_329' title='bbox 354 3470 530 3530; x_wconf 81' lang='lat' dir='ltr'>artificialiter</span> <span class='ocrx_word' id='word_1_330' title='bbox 546 3469 575 3514; x_wconf 82' lang='lat' dir='ltr'>ul</span> <span class='ocrx_word' id='word_1_331' title='bbox 592 3468 697 3514; x_wconf 72' lang='lat' dir='ltr'>hornini-</span> <span class='ocrx_word' id='word_1_332' title='bbox 729 3469 855 3532; x_wconf 84' lang='lat' dir='ltr'>poeticum.</span> <span class='ocrx_word' id='word_1_333' title='bbox 874 3469 989 3534; x_wconf 76' lang='lat' dir='ltr'>Pulchre,</span> <span class='ocrx_word' id='word_1_334' title='bbox 1015 3474 1147 3538; x_wconf 81' lang='lat' dir='ltr'>Neptunus</span> <span class='ocrx_word' id='word_1_335' title='bbox 1161 3482 1229 3523; x_wconf 78' lang='lat' dir='ltr'>orest</span> 
     </span>
     <span class='ocr_line' id='line_1_35' title="bbox 201 3553 1229 3624; baseline 0.004 -20"><span class='ocrx_word' id='word_1_336' title='bbox 201 3559 245 3607; x_wconf 81' lang='lat' dir='ltr'>lus</span> <span class='ocrx_word' id='word_1_337' title='bbox 258 3565 317 3604; x_wconf 85' lang='lat' dir='ltr'>sunt</span> <span class='ocrx_word' id='word_1_338' title='bbox 331 3559 433 3603; x_wconf 82' lang='lat' dir='ltr'>inventu</span> <span class='ocrx_word' id='word_1_339' title='bbox 447 3553 569 3615; x_wconf 71' lang='lat' dir='ltr'>oufente,</span> <span class='ocrx_word' id='word_1_340' title='bbox 579 3560 701 3616; x_wconf 82' lang='lat' dir='ltr'>poterunt</span> <span class='ocrx_word' id='word_1_341' title='bbox 732 3555 823 3601; x_wconf 64' lang='lat' dir='ltr'>obesses</span> <span class='ocrx_word' id='word_1_342' title='bbox 840 3569 856 3600; x_wconf 89' lang='lat' dir='ltr'>u</span> <span class='ocrx_word' id='word_1_343' title='bbox 879 3559 978 3620; x_wconf 84' lang='lat' dir='ltr'>ventis,</span> <span class='ocrx_word' id='word_1_344' title='bbox 1000 3561 1041 3624; x_wconf 89' lang='lat' dir='ltr'>qui</span> <span class='ocrx_word' id='word_1_345' title='bbox 1065 3560 1149 3608; x_wconf 77' lang='lat' dir='ltr'>classes</span> <span class='ocrx_word' id='word_1_346' title='bbox 1170 3561 1229 3609; x_wconf 82' lang='lat' dir='ltr'>ulio-</span> 
     </span>
     <span class='ocr_line' id='line_1_36' title="bbox 193 3641 1231 3705; baseline 0.008 -16"><span class='ocrx_word' id='word_1_347' title='bbox 193 3643 276 3704; x_wconf 76' lang='lat' dir='ltr'>sueite</span> <span class='ocrx_word' id='word_1_348' title='bbox 292 3643 392 3705; x_wconf 84' lang='lat' dir='ltr'>perire:</span> <span class='ocrx_word' id='word_1_349' title='bbox 416 3656 473 3687; x_wconf 84' lang='lat' dir='ltr'>nom</span> <span class='ocrx_word' id='word_1_350' title='bbox 492 3647 521 3687; x_wconf 87' lang='lat' dir='ltr'>ut</span> <span class='ocrx_word' id='word_1_351' title='bbox 536 3642 623 3702; x_wconf 78' lang='lat' dir='ltr'>corpus</span> <span class='ocrx_word' id='word_1_352' title='bbox 638 3654 701 3685; x_wconf 85' lang='lat' dir='ltr'>mor·</span> <span class='ocrx_word' id='word_1_353' title='bbox 732 3641 789 3704; x_wconf 88' lang='lat' dir='ltr'>quin</span> <span class='ocrx_word' id='word_1_354' title='bbox 816 3657 885 3705; x_wconf 80' lang='lat' dir='ltr'>saepe</span> <span class='ocrx_word' id='word_1_355' title='bbox 905 3644 980 3691; x_wconf 81' lang='lat' dir='ltr'>iactat</span> <span class='ocrx_word' id='word_1_356' title='bbox 995 3648 1085 3694; x_wconf 71' lang='lat' dir='ltr'>uentis.</span> <span class='ocrx_word' id='word_1_357' title='bbox 1114 3645 1231 3697; x_wconf 68' lang='lat' dir='ltr'>Servanda</span> 
     </span>
     <span class='ocr_line' id='line_1_37' title="bbox 204 3724 1231 3793; baseline 0.005 -18"><span class='ocrx_word' id='word_1_358' title='bbox 204 3730 323 3788; x_wconf 77' lang='lat' dir='ltr'>toleest,</span> <span class='ocrx_word' id='word_1_359' title='bbox 346 3728 387 3773; x_wconf 80' lang='lat' dir='ltr'>itu</span> <span class='ocrx_word' id='word_1_360' title='bbox 403 3734 430 3774; x_wconf 84' lang='lat' dir='ltr'>et</span> <span class='ocrx_word' id='word_1_361' title='bbox 446 3727 526 3773; x_wconf 70' lang='lat' dir='ltr'>ouante</span> <span class='ocrx_word' id='word_1_362' title='bbox 544 3724 698 3786; x_wconf 82' lang='lat' dir='ltr'>eiusfuotu,</span> <span class='ocrx_word' id='word_1_363' title='bbox 732 3740 824 3789; x_wconf 90' lang='lat' dir='ltr'>quoque</span> <span class='ocrx_word' id='word_1_364' title='bbox 851 3737 886 3775; x_wconf 86' lang='lat' dir='ltr'>est</span> <span class='ocrx_word' id='word_1_365' title='bbox 907 3731 1022 3793; x_wconf 76' lang='lat' dir='ltr'>appositio</span> <span class='ocrx_word' id='word_1_366' title='bbox 1042 3730 1174 3793; x_wconf 80' lang='lat' dir='ltr'>Neptunus</span> <span class='ocrx_word' id='word_1_367' title='bbox 1194 3747 1231 3780; x_wconf 85' lang='lat' dir='ltr'>re·</span> 
     </span>
     <span class='ocr_line' id='line_1_38' title="bbox 203 3812 1269 3878; baseline 0.007 -17"><span class='ocrx_word' id='word_1_368' title='bbox 203 3812 327 3876; x_wconf 83' lang='lat' dir='ltr'>siquidem</span> <span class='ocrx_word' id='word_1_369' title='bbox 348 3813 425 3858; x_wconf 80' lang='lat' dir='ltr'>etiam</span> <span class='ocrx_word' id='word_1_370' title='bbox 440 3813 497 3874; x_wconf 84' lang='lat' dir='ltr'>ipsu</span> <span class='ocrx_word' id='word_1_371' title='bbox 514 3818 606 3858; x_wconf 79' lang='lat' dir='ltr'>cutura</span> <span class='ocrx_word' id='word_1_372' title='bbox 622 3817 702 3856; x_wconf 83' lang='lat' dir='ltr'>muta·</span> <span class='ocrx_word' id='word_1_373' title='bbox 735 3817 835 3874; x_wconf 81' lang='lat' dir='ltr'>ceptus,</span> <span class='ocrx_word' id='word_1_374' title='bbox 860 3815 929 3878; x_wconf 76' lang='lat' dir='ltr'>regis</span> <span class='ocrx_word' id='word_1_375' title='bbox 950 3831 1016 3878; x_wconf 86' lang='lat' dir='ltr'>opus.</span> <span class='ocrx_word' id='word_1_376' title='bbox 1049 3815 1106 3864; x_wconf 86' lang='lat' dir='ltr'>Nem</span> <span class='ocrx_word' id='word_1_377' title='bbox 1127 3819 1147 3865; x_wconf 90' lang='lat' dir='ltr'>si</span> <span class='ocrx_word' id='word_1_378' title='bbox 1169 3817 1233 3868; x_wconf 83' lang='lat' dir='ltr'>illud</span> <span class='ocrx_word' id='word_1_379' title='bbox 1266 3830 1269 3834; x_wconf 85' lang='lat'>&#39;</span> 
     </span>
     <span class='ocr_line' id='line_1_39' title="bbox 205 3886 1232 3960; baseline 0.006 -12"><span class='ocrx_word' id='word_1_380' title='bbox 205 3907 267 3949; x_wconf 85' lang='lat' dir='ltr'>tur:</span> <span class='ocrx_word' id='word_1_381' title='bbox 293 3904 319 3944; x_wconf 84' lang='lat' dir='ltr'>et</span> <span class='ocrx_word' id='word_1_382' title='bbox 343 3898 411 3943; x_wconf 80' lang='lat' dir='ltr'>sieut</span> <span class='ocrx_word' id='word_1_383' title='bbox 432 3897 515 3943; x_wconf 76' lang='lat' dir='ltr'>areima</span> <span class='ocrx_word' id='word_1_384' title='bbox 538 3897 645 3944; x_wconf 77' lang='lat' dir='ltr'>leoninis</span> <span class='ocrx_word' id='word_1_385' title='bbox 666 3902 705 3942; x_wconf 84' lang='lat' dir='ltr'>est</span> <span class='ocrx_word' id='word_1_386' title='bbox 738 3886 879 3960; x_wconf 68' lang='lat' dir='ltr'>regis&#39;opus</span> <span class='ocrx_word' id='word_1_387' title='bbox 894 3900 941 3946; x_wconf 78' lang='lat' dir='ltr'>iam</span> <span class='ocrx_word' id='word_1_388' title='bbox 956 3916 1018 3947; x_wconf 90' lang='lat' dir='ltr'>nunc</span> <span class='ocrx_word' id='word_1_389' title='bbox 1040 3918 1085 3948; x_wconf 91' lang='lat' dir='ltr'>non</span> <span class='ocrx_word' id='word_1_390' title='bbox 1099 3892 1169 3952; x_wconf 73' lang='lat' dir='ltr'>uuum</span> <span class='ocrx_word' id='word_1_391' title='bbox 1190 3898 1232 3954; x_wconf 78' lang='lat' dir='ltr'>ltu·</span> 
     </span>
     <span class='ocr_line' id='line_1_40' title="bbox 205 3980 1232 4053; baseline 0.006 -20"><span class='ocrx_word' id='word_1_392' title='bbox 205 3985 373 4044; x_wconf 81' lang='lat' dir='ltr'>immortalis,</span> <span class='ocrx_word' id='word_1_393' title='bbox 393 3983 433 4029; x_wconf 83' lang='lat' dir='ltr'>itu</span> <span class='ocrx_word' id='word_1_394' title='bbox 448 3996 539 4044; x_wconf 88' lang='lat' dir='ltr'>quoque</span> <span class='ocrx_word' id='word_1_395' title='bbox 552 3982 649 4027; x_wconf 75' lang='lat' dir='ltr'>unisone</span> <span class='ocrx_word' id='word_1_396' title='bbox 662 3981 707 4040; x_wconf 88' lang='lat' dir='ltr'>fu·</span> <span class='ocrx_word' id='word_1_397' title='bbox 739 3980 781 4029; x_wconf 84' lang='lat' dir='ltr'>het</span> <span class='ocrx_word' id='word_1_398' title='bbox 797 3981 975 4045; x_wconf 79' lang='lat' dir='ltr'>difficultatem,</span> <span class='ocrx_word' id='word_1_399' title='bbox 992 3986 1025 4033; x_wconf 86' lang='lat' dir='ltr'>sic</span> <span class='ocrx_word' id='word_1_400' title='bbox 1038 3986 1113 4036; x_wconf 88' lang='lat' dir='ltr'>sulum</span> <span class='ocrx_word' id='word_1_401' title='bbox 1129 3991 1232 4053; x_wconf 88' lang='lat' dir='ltr'>positum</span> 
     </span>
     <span class='ocr_line' id='line_1_41' title="bbox 206 4067 1234 4140; baseline 0.002 -20"><span class='ocrx_word' id='word_1_402' title='bbox 206 4079 248 4121; x_wconf 84' lang='lat' dir='ltr'>ctu</span> <span class='ocrx_word' id='word_1_403' title='bbox 261 4077 321 4119; x_wconf 85' lang='lat' dir='ltr'>sunt</span> <span class='ocrx_word' id='word_1_404' title='bbox 330 4067 638 4134; x_wconf 72' lang='lat' dir='ltr'>peponutrequensiue</span> <span class='ocrx_word' id='word_1_405' title='bbox 652 4081 708 4114; x_wconf 89' lang='lat' dir='ltr'>usus</span> <span class='ocrx_word' id='word_1_406' title='bbox 739 4083 786 4115; x_wconf 88' lang='lat' dir='ltr'>uon</span> <span class='ocrx_word' id='word_1_407' title='bbox 801 4068 907 4134; x_wconf 82' lang='lat' dir='ltr'>intelligi</span> <span class='ocrx_word' id='word_1_408' title='bbox 929 4080 1021 4134; x_wconf 87' lang='lat' dir='ltr'>potest,</span> <span class='ocrx_word' id='word_1_409' title='bbox 1042 4075 1088 4122; x_wconf 87' lang='lat' dir='ltr'>nisi</span> <span class='ocrx_word' id='word_1_410' title='bbox 1104 4090 1163 4140; x_wconf 89' lang='lat' dir='ltr'>opus</span> <span class='ocrx_word' id='word_1_411' title='bbox 1179 4076 1234 4124; x_wconf 77' lang='lat' dir='ltr'>veri</span> 
     </span>
    </p>
   </div>
   <div class='ocr_carea' id='block_1_6' title="bbox 0 0 1424 4844">
    <p class='ocr_par' dir='ltr' id='par_1_6' title="bbox 0 0 1424 4844">
     <span class='ocr_line' id='line_1_42' title="bbox 0 0 1424 4844; baseline 0 0"><span class='ocrx_word' id='word_1_412' title='bbox 0 0 1424 4844; x_wconf 95' lang='lat' dir='ltr'> </span> 
     </span>
    </p>
   </div>
  </div>
 </body>
</html>
