2752 4844
178 394 234 454 158
438 396 650 457 nonnula
680 394 922 457 EPISTOLA

202 596 424 689 Ornamenta,
450 623 570 693 parum
595 597 693 667 elaris
718 596 830 668 lucem
854 595 934 666 dare
954 601 1071 688 coget,

173 821 299 868 formatum
311 819 392 868 incudi
404 819 527 883 redditur,
540 831 569 870 nt
581 819 617 869 ihi
629 838 666 868 re-
699 820 768 878 Quod
781 821 843 868 mle
855 820 970 866 barbaras
981 819 1076 882 Regum
1092 817 1194 863 actalia

172 907 315 955 formetur.’'
352 908 381 953 u
403 916 471 955 retus
494 916 618 955 annotator
641 907 667 954 in
698 903 838 954 libidines?
870 906 898 952 Et
918 921 948 952 ne
969 903 1014 952 hoc
1032 901 1143 950 ultimum
1164 910 1194 948 tn

171 991 265 1039 Graevii
296 991 389 1040 Codice:
424 993 552 1040 »Tractum
584 1002 620 1041 est
651 1009 665 1039 a
696 993 760 1039 mule
774 992 891 1039 herlus-ns
906 988 1040 1050 cavilleris,
1057 985 1117 1053 quid
1130 984 1195 1035 illud

173 1075 261 1140 fabris,
286 1079 329 1142 qui
349 1079 517 1126 ferramentum
538 1094 585 1127 non
605 1076 667 1127 hene
699 1077 795 1126 Nasonis
814 1079 890 1125 Amor.
912 1075 947 1137 11,
964 1078 988 1124 1.
1015 1075 1075 1122 Cum
1088 1073 1151 1120 male
1167 1086 1195 1120 se

174 1163 301 1210 formatum
327 1165 415 1213 iterum
443 1162 525 1211 incudi
560 1165 665 1211 commit·
699 1164 773 1212 tellus
787 1163 1063 1226 ultaest,a'ngastnque
1072 1155 1194 1223 Olympo?

172 1252 256 1296 tunt.”
272 1248 391 1297 Hineiam
407 1247 454 1296 tibi
464 1247 603 1296 facillimam
619 1265 668 1296 cor-
700 1249 727 1296 lit
743 1251 830 1297 iterum
841 1250 897 1296 Arte
910 1248 940 1295 11.
966 1248 1004 1295 Et
1018 1247 1082 1294 male
1093 1259 1196 1310 pecean-

172 1335 301 1382 rectionem
330 1349 445 1397 promam:
476 1350 545 1399 quam
566 1333 668 1382 mirabor
701 1342 750 1381 tem
772 1334 896 1398 Tyndaris
910 1335 966 1381 ulta
981 1328 1086 1380 dmm?
1106 1330 1145 1379 sie
1167 1329 1197 1380 hi

174 1417 297 1483 equidem,
315 1419 472 1466 siGronovius
488 1429 514 1466 et
528 1418 668 1467 Gronoviani
700 1421 824 1485 scriptores
839 1419 942 1485 aliique,
956 1417 1114 1484 singulislere
1128 1419 1197 1482 pagi·

173 1503 313 1552 nostraeilli
325 1521 372 1552 non
387 1505 534 1567 anteferant,
551 1507 589 1552 Et
604 1507 667 1553 mole
698 1509 744 1555 nis.
761 1505 837 1554 Pudet
849 1505 945 1571 quidem
957 1503 1047 1553 talibus
1061 1504 1194 1552 immorari:

168 1589 294 1649 formatos
323 1591 411 1638 incudi
442 1590 541 1638 reddere
573 1606 667 1640 omme.
700 1590 741 1640 sed
756 1591 814 1657 quid
829 1593 918 1640 facias?
940 1591 968 1639 Ut
983 1589 1111 1639 adversarii
1124 1597 1195 1651 sunt,

173 1673 363 1723 Auscultalrimns
383 1675 442 1740 quid
464 1677 567 1724 sentiant
587 1679 669 1726 mussi-
700 1679 735 1725 ita
748 1693 835 1725 morem
846 1693 928 1742 geras,
943 1686 967 1724 et
974 1677 1038 1725 iufra
1049 1685 1073 1722 te
1086 1690 1194 1723 nonnun-

174 1770 272 1826 tentque
286 1778 346 1827 pone
363 1761 468 1810 mulam
482 1762 596 1818 latentese
616 1765 669 1811 etsi
701 1778 770 1828 mam
793 1761 919 1810 descendas
938 1778 1032 1810 necesse
1053 1770 1097 1808 est.
1129 1758 1196 1808 ldem

176 1845 265 1894 similes
274 1857 354 1895 ament
361 1846 428 1895 labra
441 1847 558 1910 lactucas,
575 1865 622 1896 non
633 1850 669 1896 iu·
701 1849 788 1896 iterum
799 1850 826 1896 in
838 1863 880 1896 sno
887 1847 964 1895 Gellio
977 1847 1019 1909 lt,
1033 1849 1072 1896 11.
1082 1845 1197 1911 sugillare

175 1930 314 1980 videbimus.
338 1933 431 1980 Interea
447 1932 550 1982 delectat
565 1951 608 1980 nos
628 1933 670 1980 ho-
701 1933 841 1995 mavoluit,
857 1930 1196 1998 quodinCallimachiversn,

175 2032 213 2063 mo
229 2018 300 2064 comis
317 2027 341 2064 et
358 2018 463 2080 facetus,
477 2021 532 2082 qui,
550 2017 612 2083 quod
619 2021 670 2083 ipse
704 2016 763 2065 Kal
778 2019 882 2078 κυάμων
895 2018 949 2067 ἀπὸ
963 2023 1056 2084 χεῖρας
1068 2015 1197 2066 dolorm

176 2104 202 2150 in
217 2118 285 2166 prosa
301 2101 473 2167 explicatione,
490 2120 537 2151 non
551 2105 614 2151 mule
630 2112 670 2151 ter
702 2099 826 2154 teroem.
842 2106 938 2170 reposui
954 2101 1058 2164 dsss'ond
1079 2099 1105 2149 τ’
1128 2098 1196 2151 ἕδε-

174 2195 260 2250 natoe,
282 2188 328 2237 sed·
345 2198 385 2238 aar
398 2190 462 2237 mule
481 2196 554 2238 notos
573 2206 672 2255 usurpa·
703 2191 779 2239 σθαι.
791 2188 1197 2257 Qnoe,inquit‚velear'gun,pro·

175 2291 268 2338 veram,
290 2292 357 2323 ame
378 2277 481 2342 petitum
502 2276 577 2324 telum
593 2277 618 2324 in
634 2292 670 2324 me
698 2279 833 2340 pinquitns
856 2284 895 2326 eet
917 2279 988 2324 inter
1007 2275 1111 2335 ἀβίωτά
1127 2271 1153 2321 τ’
1172 2283 1199 2322 et

175 2370 283 2426 torquet;
302 2372 419 2427 negatque
432 2360 560 2409 secundum
576 2362 669 2409 latino-
701 2359 847 2412 deleme?
871 2364 903 2410 Si
923 2363 1016 2410 scribas
1033 2358 1196 2419 ἄπνευστον,

175 2463 229 2494 rum
246 2457 270 2495 et
282 2447 358 2495 Flacci
373 2449 448 2511 ipsius
463 2463 550 2494 morem
562 2447 594 2494 τὸ
607 2448 671 2495 orale
702 2449 785 2495 videre
792 2455 864 2512 potes
871 2448 993 2495 vicimum
1003 2448 1142 2495 literam.
1159 2445 1197 2494 Ita

177 2547 193 2579 a
212 2532 353 2596 participio,
378 2530 464 2594 verbo,
488 2530 604 2580 adiectivo
628 2548 669 2579 suo
702 2549 792 2598 semper
807 2532 888 2580 literas
903 2534 1027 2597 apicesque
1045 2542 1138 2596 crepat:
1154 2529 1199 2579 has

177 2616 216 2664 vel
234 2618 260 2663 in
280 2631 349 2664 versu
372 2632 438 2681 posse
459 2617 564 2682 seiungi;
592 2626 617 2665 et
636 2615 672 2665 id·
704 2616 822 2683 pensando
839 2627 863 2665 et
876 2616 1030 2682 comparando
1043 2618 1199 2665 correctiones

178 2701 240 2750 sirco
256 2703 320 2750 inter
339 2703 402 2750 mole
419 2711 443 2750 et
463 2710 536 2750 notos
551 2701 611 2750 male
634 2704 671 2750 in·
702 2711 815 2766 venatur,
837 2704 968 2751 sententiae
990 2704 1087 2751 interim
1102 2718 1199 2750 securus

177 2789 272 2852 terponi
288 2795 341 2836 ter:
357 2804 410 2836 cum
424 2787 519 2836 Flaccus
534 2786 594 2836 alibi
608 2789 671 2834 male
702 2788 856 2854 ignarusque:
873 2788 941 2837 velut
953 2788 1006 2851 hic,
1026 2804 1079 2836 cnm
1095 2785 1198 2836 ἄπνευ-

177 2875 290 2938 ὐίφαή,
311 2876 374 2923 orale
389 2876 523 2936 eminetis,
539 2875 602 2920 mole
613 2889 671 2936 per-
702 2887 765 2922 ocor
780 2873 917 2936 substituit,
935 2884 959 2922 et
976 2890 1003 2921 eo
1019 2884 1088 2939 pacto
1100 2874 1197 2937 pisces,

180 2962 275 3023 stood,
288 2960 471 3020 malefectores
484 2968 508 3007 et
518 2958 672 3007 nliaionctim
704 2962 747 3025 qni
776 2958 920 3011 dnserroeoe
951 2969 1019 3022 sunt,
1046 2958 1199 3025 Pythagoreis

179 3044 268 3111 ubique
282 3048 395 3110 proferat.
408 3046 538 3110 Numquam
550 3044 671 3110 profecto,
704 3045 856 3095 comedendos
871 3044 956 3094 stolide
973 3046 1078 3110 apponit.
1095 3043 1141 3092 Sed
1148 3046 1198 3093 ain’

178 3132 225 3178 nisi
243 3130 287 3178 hoc
305 3133 433 3194 monitore,
456 3140 504 3178 tam
519 3129 620 3178 ridiculo
636 3147 673 3177 ar*
703 3148 759 3179 vero
775 3133 849 3193 serio,
866 3129 1015 3182 duvroo‘eoc
1042 3139 1110 3178 tuum
1134 3146 1199 3178 reee-

177 3227 289 3282 gumento
310 3228 392 3283 sponte
416 3233 574 3266 occurrerem:
591 3217 672 3281 itaque
704 3225 760 3282 ptae
768 3216 867 3264 lectioni
878 3218 980 3265 vicinius
988 3213 1199 3281 esse,quamillud

177 3318 206 3350 eo
227 3304 319 3350 nomine
335 3320 373 3351 me
395 3301 541 3364 demeretur,
558 3303 614 3367 quia
630 3318 672 3349 ne-
702 3299 983 3350 norhamtunam
997 3318 1069 3367 prope
1087 3299 1198 3350 recedere

178 3390 226 3436 scio
243 3405 273 3436 an
288 3388 347 3436 alios
363 3388 463 3436 lectores
481 3386 581 3436 habeam
596 3386 672 3435 nihilo
705 3386 735 3435 ad
750 3384 875 3435 NIle?
894 3404 919 3435 os
936 3386 1029 3436 durum.
1063 3386 1108 3434 Sed
1129 3388 1199 3434 mitto

176 3476 316 3523 nasutiores.
333 3474 386 3521 iin’
396 3475 484 3538 igitur,
501 3473 534 3521 τὸ
549 3475 613 3520 mole
625 3489 673 3520 non
704 3471 761 3530 hoc;
781 3481 805 3520 et
818 3471 848 3520 ad
860 3471 922 3520 illud
930 3474 1022 3538 potins,
1036 3471 1099 3537 quod
1111 3472 1136 3519 in
1144 3487 1200 3536 pro-

178 3577 244 3625 posse
260 3578 275 3608 a
293 3557 378 3620 verbo,
401 3559 440 3606 cui
460 3574 529 3605 sensu
545 3557 671 3619 cohaeret,
704 3558 768 3607 ximo
793 3566 842 3620 est,
863 3559 910 3620 lx,
926 3559 956 3620 5,
978 3557 1057 3606 oeulos
1076 3565 1196 3613 couverto;

174 3660 245 3694 uersu
257 3645 378 3710 separari?
388 3642 449 3707 Quid
462 3641 671 3707 ergoilludSerm.
704 3641 748 3690 uhi
768 3644 794 3691 in
812 3642 903 3691 eoelum
920 3641 1030 3691 laudibus
1053 3642 1125 3690 effert
1146 3644 1201 3690 viri

177 3732 214 3794 ll,
228 3734 252 3780 3.
271 3731 411 3778 Earnmalu
426 3735 540 3793 regesta
555 3743 609 3775 cum
624 3729 673 3775 vel·
705 3730 811 3776 mouime'
823 3730 944 3777 Peursom’
958 3731 1129 3787 coniecturam
1154 3728 1201 3794 (ip-
1263 3794 1267 3800 Ι

178 3818 225 3865 ken
237 3814 361 3866 mittere?
378 3826 402 3865 et
416 3816 451 3879 11,
469 3818 492 3864 1.
511 3815 559 3862 eoi
573 3815 637 3861 mats
648 3817 673 3862 si
705 3831 756 3862 sum
769 3814 864 3881 quidem
884 3817 936 3862 inre
960 3817 1058 3878 merito,
1080 3817 1201 3863 coniectu-

172 3906 289 3967 pslperc,
306 3898 471 3952 recalcitret?
492 3900 552 3965 Quid
569 3910 593 3947 et
609 3898 671 3947 illud
703 3917 753 3951 ram
766 3917 821 3949 vero
829 3902 914 3947 renuit
926 3903 1071 3965 negitatque
1079 3899 1199 3962 Sabellam

173 3989 249 4037 carm.
266 3990 315 4052 Ill,
331 3994 370 4039 27.
390 3990 524 4036 Pendulum
539 4002 602 4034 sono
617 3987 673 4032 bene
706 3986 768 4052 qnod
775 3985 971 4034 HieroclisStoici
981 3986 1109 4034 rotundum
1118 3996 1142 4034 et
1153 3996 1200 4033 tor·

178 4082 205 4122 te
220 4081 303 4121 secuta
316 4076 405 4122 elidere
418 4071 527 4121 rodurn?
543 4083 567 4120 et
580 4071 622 4134 lv,
632 4074 669 4120 12.
703 4082 785 4120 uatum
800 4073 826 4120 in
839 4072 963 4136 Epicureos
977 4070 1066 4120 dictum
1082 4074 1117 4120 sio
1129 4072 1198 4120 refin-
