2752 4844
198 427 257 490 100
460 429 672 491 HORATII
703 431 947 494 EPISTULA

222 631 380 719 Aemula3
403 633 461 703 sed
481 634 590 703 tenuis
611 632 837 727 simplexque,
859 634 1021 706 foramine
1039 658 1171 731 pauco,

221 749 402 845 Adspirare
420 759 454 820 et
478 750 593 820 adesse
617 749 728 820 choris
753 759 825 821 erat
846 752 958 843 utilis,
985 761 1086 848 atque

221 869 379 939 Nondum
404 870 509 963 spissa
529 869 628 938 nimis
656 869 826 962 complere
850 871 963 941 sedilia
986 871 1086 942 flatu:

221 967 297 1075 Quo
319 1011 397 1058 saue
419 988 570 1082 populus
594 985 827 1077 numerabilis,
854 997 973 1082 utpote
993 1013 1137 1084 parvm,

221 1105 262 1176 Et
286 1106 376 1201 frugi
401 1118 580 1200 castusque
603 1106 880 1200 verecundusque
902 1107 1024 1179 coibat.

220 1225 403 1320 Postquam
430 1226 542 1321 coepit
562 1247 659 1318 agros
681 1225 860 1297 extendere
881 1227 1001 1319 victor,
1023 1234 1057 1298 et
1079 1225 1183 1298 urbes

221 1343 335 1414 Latiar
357 1345 513 1440 amplecti
537 1366 674 1433 murus,
699 1344 846 1438 vinoque
870 1345 993 1417 diurno

186 1640 238 1679 erat
260 1647 334 1696 pauco
356 1631 483 1693 foramine,
508 1646 571 1679 nunc
587 1631 681 1680 aemule
746 1632 783 1680 Et
798 1634 880 1680 urbem
891 1632 1211 1696 Latioramplcctimurus.

187 1714 267 1765 tubae.
284 1715 353 1764 Vides
370 1718 485 1781 opposita.
508 1716 553 1765 Sed
568 1715 627 1766 haec
641 1735 682 1782 op·
713 1719 750 1766 lta
775 1717 835 1766 editi
856 1720 985 1784 scriptique
1007 1719 1097 1778 latior5
1122 1716 1163 1766 sed
1185 1717 1211 1767 id

183 1804 301 1868 positast
317 1811 393 1851 totum
415 1800 539 1851 discrimen
554 1804 641 1851 veteris
658 1813 683 1850 et
715 1802 813 1868 perinde
828 1813 863 1852 est
878 1821 906 1852 ae
927 1807 1049 1866 crassior,
1063 1802 1126 1869 quod
1142 1803 1211 1852 mini-

185 1887 314 1936 hodiernae
339 1887 413 1936 tibiae
429 1888 505 1935 multo
519 1887 606 1937 clarius
622 1889 682 1949 erit,
716 1905 752 1935 me
766 1888 807 1936 hic
822 1888 875 1938 vult
887 1890 1005 1939 Horatius.
1021 1889 1114 1938 Curtius
1129 1888 1173 1938 lib.
1182 1889 1211 1938 l.

185 1975 206 2020 si
218 1989 260 2037 pro
273 1973 373 2020 lvNcrt
385 1971 473 2021 scribas
488 1972 588 2021 LONGA.
606 1974 681 2021 Titia
713 1972 742 2021 de
762 1990 828 2022 muro
852 1974 991 2042 Babylonis:
1021 1977 1137 2039 Spatium
1159 1976 1211 2022 tri·

183 2074 245 2120 mou,
262 2065 292 2105 ut
305 2074 381 2120 nuuc,
396 2059 528 2120 orichalco,
542 2059 628 2123 leuga,
644 2066 683 2106 tu·
711 2060 789 2124 ginta
805 2068 831 2108 et
849 2061 949 2108 domum
966 2062 1056 2125 pedum
1071 2063 1100 2108 iu
1116 2063 1211 2108 latitu-

184 2144 394 2207 lracqueAemuIa,
411 2143 682 2208 sedsimplca,teauis·
714 2145 796 2192 diuem
826 2148 992 2210 amplectitur.
1025 2147 1131 2213 Hyginus
1151 2144 1209 2194 Feb.

183 2245 241 2293 quc,
249 2229 377 2290 foramine
392 2245 485 2293 pauco,
502 2229 638 2292 Adspirarc
654 2237 681 2277 et
712 2229 832 2294 ccxxfll,
850 2231 878 2279 de
898 2231 991 2280 eodem:
1009 2235 1099 2281 Murus
1114 2232 1143 2279 iu
1155 2233 1210 2279 Ba-

183 2317 267 2364 adcsse
282 2317 364 2364 eboris
380 2323 436 2363 erat
450 2316 535 2363 utilis.
549 2314 616 2363 Tibia
632 2332 679 2363 non
712 2316 826 2380 bylonio,
863 2333 932 2380 quem
949 2318 1019 2379 fecit
1047 2320 1208 2380 Semiramis,

183 2402 247 2450 facta
261 2411 312 2450 erat
328 2419 358 2450 ex
373 2400 505 2462 orichalco,
520 2398 562 2448 sed
577 2399 679 2464 simplex
712 2403 791 2449 lotum
799 2403 874 2464 pedes
885 2404 966 2464 XXV,
983 2404 1144 2465 altampedes
1155 2404 1209 2452 LX.

183 2485 336 2550 (arundinea,
365 2483 444 2533 buxea
467 2484 506 2533 vel
533 2483 607 2548 ossea)
630 2501 677 2533 uon
709 2485 828 2534 luvenalis
840 2485 898 2548 xil,
918 2488 958 2534 59.
993 2487 1103 2546 Confines
1121 2489 1208 2552 liguo,

181 2571 266 2637 longa,
285 2569 326 2619 sed
343 2572 421 2619 tenuis
447 2568 551 2635 (parva),
573 2586 620 2619 uon
640 2587 679 2619 ae·
711 2572 806 2637 digitis
823 2587 840 2618 a
854 2579 931 2619 morte
952 2579 1059 2620 remotus
1081 2573 1208 2634 Quatuor5

153 2670 156 2685 ¹
181 2656 247 2705 mula
263 2655 334 2705 tubae
352 2656 408 2722 (uon
424 2656 496 2705 altius
512 2655 613 2720 flabat),
635 2655 677 2704 sed
709 2664 755 2704 aut
770 2665 877 2721 septem,
899 2659 925 2704 si
940 2660 978 2706 sit
995 2660 1122 2707 latissima
1142 2661 1208 2710 teda.

181 2742 286 2792 habebat
307 2759 382 2808 pauca
406 2743 529 2791 foramina.
551 2742 607 2790 Noti
622 2752 678 2791 sunt
709 2741 805 2807 Repouo
826 2744 918 2809 igitur,
940 2746 1037 2793 minima
1062 2748 1205 2805 mutatione:

178 2847 260 2878 versus
275 2828 413 2894 Sophoclei,
430 2827 549 2876 laudatis
566 2829 677 2876 Cicerone
710 2828 843 2892 Postquam
874 2831 957 2894 coepit
980 2846 1054 2896 agros
1078 2832 1207 2880 estendere

178 2916 209 2965 ad
231 2916 336 2965 Atticum
356 2915 449 2978 11‚1a.
477 2913 555 2979 Φυσᾴ
572 2915 623 2980 γὰρ
640 2912 671 2962 oi
706 2914 799 2977 victor,
825 2923 851 2963 et
873 2917 955 2963 urbem
976 2918 1071 2965 Leuior
1090 2920 1206 2981 amplecto¹
1244 2964 1247 2969 .

178 3007 322 3068 σμικροῖσιν
347 2999 482 3056 αὐλίσκοις
506 2997 563 3056 tu,
594 2997 675 3059 ’Art’
708 3016 803 3048 murus.
822 3002 902 3050 Latus
917 3019 960 3067 pro
982 2996 1054 3052 lucus
1069 3005 1155 3069 passim
1169 3005 1207 3052 in·

179 3088 283 3153 dypiucc
312 3086 419 3146 abactor
443 3087 571 3152 φορβειᾶς
596 3081 671 3151 ἄτερ.
707 3085 855 3150 terpolurunt
864 3085 973 3136 Librarii.
991 3088 1086 3137 Ovidius
1098 3089 1204 3151 Fastll,

177 3172 672 3236 mid.xt1ueum.158.tmgaumae-
704 3171 760 3218 456.
778 3180 803 3217 et
822 3170 899 3220 Amor.
916 3173 956 3235 ΙΙ,
974 3187 1005 3235 x,
1023 3177 1062 3222 18.
1091 3176 1205 3222 Carceris

177 3259 252 3320 tifori
267 3259 372 3307 delectat
389 3258 454 3306 tibia
475 3258 542 3305 duri.
576 3254 676 3304 Observa
707 3256 792 3303 Aeolii
806 3257 884 3303 ianua
900 3259 957 3305 bico
970 3268 1051 3323 patet.
1073 3261 1110 3306 Et
1125 3260 1204 3308 medio

174 3345 272 3410 longum
293 3351 319 3391 ct
334 3342 498 3404 multiforma,
524 3341 587 3407 quod
603 3341 673 3406 plane
707 3341 764 3387 lem
774 3356 866 3404 ponere
877 3345 982 3392 mentire
996 3352 1055 3392 toro.
1072 3343 1117 3391 Ubi
1129 3347 1203 3394 maior

172 3430 235 3479 idem
253 3440 323 3478 estas
336 3427 674 3494 lougoetmultoforamiua,
707 3441 760 3490 pars
773 3425 881 3475 Codicum
901 3430 954 3476 lata
970 3438 994 3476 et
1011 3431 1063 3477 lata
1078 3429 1203 3481 exhibent.

173 3516 349 3583 πολύτρητος.
369 3515 492 3563 Petronius
499 3513 577 3578 Satyr.
587 3515 627 3561 28.
641 3512 674 3559 ad
704 3511 813 3560 Aurelius
829 3513 907 3561 lictor
923 3516 948 3561 iu
961 3513 1100 3562 Aureliano:
1116 3517 1202 3564 Muris

173 3611 249 3668 caput
272 3603 328 3649 eius
343 3616 398 3648 cum
417 3599 533 3645 minimis
553 3598 673 3660 Sympbo-
704 3597 786 3644 urbem
815 3614 886 3661 pum
915 3598 1082 3647 validissimis
1107 3601 1201 3650 maiore

173 3691 262 3738 miscus
279 3686 352 3736 titiis
368 3685 486 3745 accessit,
508 3689 534 3730 ct
549 3689 671 3744 tamquam
703 3684 799 3730 ambitu
815 3685 993 3746 circumsepsit.
1015 3683 1094 3732 lictor
1109 3684 1201 3737 Schotti

172 3776 203 3822 irc
223 3790 308 3823 aurem
327 3771 426 3834 aliquid
445 3775 538 3816 secreto
557 3767 666 3829 diceret,
700 3769 725 3816 in
742 3767 835 3816 eodem:
851 3769 900 3815 Hic
908 3770 989 3818 muris
1002 3770 1200 3820 validioribuset

127 3844 130 3848 .
174 3862 227 3909 toto'
242 3854 336 3908 itinera
351 3858 473 3906 cantavit.
503 3853 670 3918 Transpositio·
703 3855 839 3902 leuioribus
847 3855 929 3902 urbem
942 3857 1028 3919 sepsit.
1046 3857 1145 3920 Quintil.
1155 3860 1199 3907 De-

172 3960 227 3994 nem
251 3947 356 4010 simplem
373 3944 501 4006 tenuisque
524 3957 566 4006 pra
586 3941 670 3989 tenuis
702 3939 769 3988 clam.
782 3939 833 3988 ΧΠ.
852 3941 984 3989 Esbousta
997 3951 1035 3990 est
1050 3946 1143 3992 civitas
1151 3945 1198 4004 su·

173 4033 324 4095 simplexque
356 4027 502 4079 commendat
531 4036 556 4075 et
588 4025 671 4075 melior
702 4028 813 4088 neribus,
831 4034 857 4075 et
870 4026 991 4075 &solutae
1006 4029 1102 4092 deruus,
1120 4031 1198 4078 triste

111 4124 115 4131 ’
173 4115 308 4192 consecutio
321 4115 487 4180 oppositionis,
505 4111 664 4178 eteuphonia.
691 4113 812 4175 florentis
833 4113 951 4175 quendam
966 4113 1087 4174 fortunas
1102 4115 1197 4164 iudici·
