2752 4844
475 380 547 441 -AD
577 381 794 443 Plsonns
1081 376 1144 442 ult

137 581 208 651 Aut
230 583 330 652 simul
351 589 386 652 et
405 579 553 652 iucunda
573 588 608 651 et
629 579 747 650 idonea
772 580 881 652 dicere
904 582 1000 652 vitae.
1059 590 1139 654 334.

138 699 310 794 Quidquid
331 701 532 794 praecipies,
557 703 629 769 esto
647 698 772 786 breris3
797 707 836 769 ut
856 700 923 769 cito
944 698 1032 769 dicta
1058 709 1138 771 335.

137 817 327 923 Percipient
348 819 449 889 animi
471 817 596 888 dociles
619 825 818 911 teneantque
833 816 972 912 fideles:
1057 827 1137 889 336.

137 935 244 1007 Omne
265 960 509 1031 supervacuum
530 935 631 1029 pleno
650 935 693 1006 de
712 945 848 1030 pectore
869 944 993 1008 manat.
1058 938 1138 1007 337.

138 1055 229 1126 Ficta
253 1055 434 1150 voluptatis
463 1077 579 1126 caussa
603 1054 669 1124 sint
694 1056 845 1148 proxima
866 1055 960 1124 veris.
1059 1063 1140 1127 338.

137 1150 222 1266 Nec,
237 1172 464 1267 quodcunque
476 1173 581 1263 volet,
595 1180 711 1267 poscat
725 1171 787 1242 sihi
803 1171 919 1242 fabula
933 1172 1039 1262 credi,
1057 1180 1138 1243 339.

136 1291 210 1362 Neu
223 1315 363 1386 pransae
375 1292 506 1362 Lamiae
515 1293 626 1361 vivum
641 1315 785 1386 puerum
797 1291 948 1362 extrahat
959 1292 1046 1378 alro.
1059 1302 1141 1363 340.

138 1407 314 1480 Centuriae
333 1411 499 1480 seniorum
522 1411 648 1503 agitant
668 1410 814 1503 expertia
836 1409 962 1502 frugis3
1061 1419 1141 1480 341.

139 1526 225 1598 Celsi
245 1536 458 1623 praetereunt
479 1535 610 1598 austera
632 1529 785 1622 poemata
807 1526 993 1597 Rhamnes:
1060 1537 1140 1597 342.

138 1644 247 1715 Omne
268 1645 349 1714 tulit
369 1653 536 1741 punctum
557 1647 616 1739 qui
637 1646 771 1716 miscuit
791 1644 875 1716 utile
896 1643 1005 1733 dulci,
1061 1654 1141 1715 343.

68 1826 73 1835 .
139 1762 311 1833 lectorem
332 1760 528 1835 delectando
552 1765 744 1858 pariterque
766 1761 942 1833 monendo.
1062 1772 1142 1833 344.
1236 1775 1238 1778 ⁴

140 1881 204 1951 Hic
221 1889 325 1950 meret
339 1904 417 1951 acra
436 1880 521 1952 liber
537 1884 656 1968 Sosiis3
681 1881 783 1952 hicet
801 1905 891 1985 mare
908 1881 1042 1971 transit,
1061 1891 1142 1954 345.

140 1998 181 2069 Et
205 1999 345 2092 longum
365 2007 446 2069 noto
471 2001 624 2095 scriptori
648 2007 809 2094 prorogat
833 2022 963 2069 aevum.
1061 2009 1141 2070 346.

610 2193 671 2264 lv.

141 2351 229 2420 Sunt
249 2349 370 2420 delicta
392 2357 521 2441 tamen,
547 2349 672 2444 quibus
692 2351 855 2443 ignovisse
875 2308 1033 2420 velimus:
1063 2360 1142 2423 347.

140 2468 223 2539 Nam
238 2492 347 2563 neque
360 2467 485 2539 chorda
500 2492 620 2540 sonum
634 2467 758 2558 reddit,
774 2478 874 2561 quem
889 2467 964 2540 vult
979 2463 1050 2539 ma·

188 2610 254 2657 nus
278 2596 313 2658 et
337 2609 450 2676 mens,
1065 2600 1146 2660 348.

357 2849 409 2896 111.
661 2845 738 2895 detur.
755 2847 835 2896 Horat.
848 2846 921 2896 Germ.
936 2849 960 2910 Ι,
976 2862 1002 2898 n.
1028 2850 1098 2898 Vivet
1112 2866 1154 2898 cr-

662 2939 730 2980 emo
759 2934 902 2981 Proculeius
920 2949 991 2997 cece,
1018 2936 1100 2984 Notus
1124 2940 1154 2986 in

199 3023 277 3069 Poeta
292 3021 357 3068 utile
371 3019 439 3066 &elei
453 3020 565 3066 misceat.
654 3017 755 3078 sturm
777 3021 857 3066 enimi
869 3022 980 3083 paterni.
1004 3020 1100 3070 Sueten.
1125 3018 1155 3071 de

662 3103 751 3151 illustr.
761 3105 864 3168 ¹Granum.
878 3107 917 3154 lo.
935 3107 1023 3170 Cupite
1037 3107 1154 3170 Attee'ee,

169 3193 202 3240 Ut
224 3193 276 3240 ce'to
295 3191 364 3238 dictu
383 3190 529 3253 percupiunt
549 3189 630 3235 animi
661 3190 1153 3244 notcslcrocceeeltua.Conseriturflurnr.

134 3280 231 3328 detes.
244 3279 272 3326 ln
283 3276 344 3325 MSS.
358 3274 480 3324 Breuckm.
491 3275 627 3338 exceptant.
660 3273 690 3322 ad
704 3273 799 3324 murel.
815 3276 841 3325 Τ.
855 3276 891 3338 11,
908 3291 962 3342 pag.
980 3280 1035 3327 loe.

169 3364 243 3412 omne
264 3375 438 3426 superuacuum
453 3361 526 3424 pleno
542 3360 570 3407 ds
587 3375 630 3423 pe·

134 3429 200 3500 ctare
212 3455 304 3497 emeret.
320 3447 377 3496 Fere
391 3428 420 3494 ut
432 3445 531 3510 Quintil.
548 3446 626 3494 Instit.
889 3449 930 3497 lv.

135 3535 198 3585 Orat.
213 3535 249 3596 11,
262 3535 286 3583 ὅ.
304 3533 356 3583 Nec
371 3547 432 3596 quoe
446 3532 573 3593 dicentur,
589 3547 629 3579 ee-

133 3622 258 3684 perfleent
271 3634 352 3668 ceree.
679 3617 755 3664 Nemo
767 3619 1049 3682 eetqee'deuperfectue
1056 3630 1139 3685 poete.

169 3706 226 3753 Neu
234 3719 342 3767 pransae
357 3703 466 3751 lamiae.
482 3701 511 3751 N.
525 3702 633 3750 Heheiue
697 3703 802 3751 Student
809 3710 1123 3771 commentaremur,

136 3791 261 3839 coniecisse
277 3788 371 3837 videtur
382 3803 496 3853 procace.
825 3789 983 3852 perfectioni.

170 3876 207 3923 Et
228 3876 325 3937 longum
345 3881 402 3922 ecto
416 3873 536 3937 scriptore
545 3887 630 3936 proro-

134 3967 183 4024 get
206 3974 299 4007 aevum.
326 3959 407 4006 Notus
427 3957 481 4023 plue
502 3958 636 4022 significet,
701 3957 1158 4026 Neeeemperferiet,quodcen9mm-

138 4061 208 4111 quam
225 4042 292 4093 nobis
313 4041 431 4091 interdum
451 4043 582 4108 significare
598 4042 633 4090 vi·
663 4044 765 4091 nubitur
785 4059 864 4094 urmes.
890 4044 917 4093 N.
939 4045 1047 4096 Heinsius
1063 4066 1092 4097 ex
1109 4051 1155 4098 MS.
