2752 4844
502 361 562 422 ln
594 362 811 422 PISONES.

177 565 325 636 Tantum
348 564 391 635 de
415 563 525 635 medio
550 566 668 635 sumtis
690 564 818 635 accedit
841 564 987 636 honoris.

176 683 274 754 Silvis
299 682 436 753 deducti
457 690 610 772 caveant,
636 707 688 754 me
712 683 838 775 iudice,
864 684 989 772 Fauni,

181 804 249 892 Ne,
276 802 369 872 velut
389 803 492 871 innati
513 802 637 892 triviis,
663 826 702 889 ao
725 825 829 896 paene
855 804 1021 892 forenseS,

183 920 253 991 dut
273 922 414 990 nimium
435 922 557 991 teneris
574 921 774 991 iuvenentur
792 920 943 992 versibus
957 943 1138 1013 umquam,

182 1039 253 1110 Aut
281 1040 454 1110 irnrnunda
478 1049 614 1134 crepent
638 1041 922 1134 ignominiosaque
946 1039 1045 1109 dicta.

148 1327 317 1377 Grammaticis.
333 1328 375 1376 Pro
390 1329 484 1392 Pythia
497 1327 646 1376 scribendum
710 1329 792 1376 Silvis
807 1328 907 1376 deducti
922 1336 1037 1392 caucam,
1056 1344 1094 1376 nae
1110 1328 1178 1376 iudi·

149 1415 281 1477 Pptbiade.
300 1414 386 1462 Ultima
402 1431 456 1479 pars
472 1413 558 1462 scholii
574 1416 645 1462 etiam
678 1428 717 1476 ce,
733 1415 822 1462 Fauni.
847 1413 998 1463 Marklandus
1014 1413 1043 1463 ad
1059 1413 1178 1478 Euripidis

148 1510 259 1565 corrupta
270 1498 432 1549 estlidentur
442 1498 556 1547 nonnulla
567 1497 646 1547 deesse
679 1499 803 1565 Supplices
828 1517 883 1565 pag.
905 1501 970 1563 257,
1000 1517 1055 1548 vere
1081 1500 1179 1564 corrigit

150 1585 176 1632 in
188 1584 249 1633 hanc
262 1587 415 1643 sententiam
425 1586 497 1633 fuisse
511 1584 648 1651 Pythiadem
682 1585 777 1647 educti,
794 1584 839 1632 hoc
854 1595 888 1634 est
905 1587 1011 1634 educati.
1028 1584 1129 1632 Verbum
1144 1601 1180 1632 se·

150 1670 262 1719 ancillam
281 1670 391 1732 Thaidis,
413 1670 488 1718 bonae
505 1670 571 1718 illius
588 1669 651 1735 apud
684 1686 757 1735 quens
773 1669 861 1717 innati
877 1669 921 1717 hcc
937 1669 1005 1718 valde
1023 1667 1180 1718 commendat:

150 1755 299 1818 Terentium,
324 1773 371 1804 non
392 1755 491 1804 alterius
515 1754 649 1818 cuiusdam,
683 1754 719 1804 ibi
735 1757 851 1820 potuisset
867 1756 939 1803 ctiam
953 1755 981 1804 de
998 1755 1087 1822 Satyris
1103 1753 1182 1803 dicere

151 1843 250 1905 rapacis.
267 1841 369 1889 Fortasse
387 1851 423 1890 est
439 1843 558 1890 annotatio
571 1841 650 1888 Gram-
681 1842 768 1889 innati
776 1842 865 1889 silvis:
879 1843 1092 1890 Silaisiauati—
1101 1841 1184 1889 educti

152 1928 247 1989 matici,
264 1928 389 1976 Horatiana
406 1927 513 1992 exempla
529 1926 559 1975 ad
576 1928 652 1975 Eunu·
686 1929 783 1975 triviis.
801 1928 951 1976 Deducimas
964 1926 1019 1975 deos
1033 1945 1061 1975 ex
1079 1914 1184 1975 suasede

153 2012 224 2060 chum
236 2012 398 2061 Terentianum
414 2014 549 2062 referentis.
576 2015 652 2078 Atque
685 2013 711 2061 in
727 2012 840 2075 alteram,
858 2012 913 2076 ubi,
928 2013 1013 2061 relicta
1028 2015 1120 2079 priore,
1137 2030 1186 2061 rna·

152 2096 209 2146 hinc
229 2097 335 2146 accidere
358 2100 437 2163 potuit
456 2108 484 2146 ut
504 2100 529 2146 in
551 2108 651 2164 utroque
684 2108 750 2149 nent.
768 2099 804 2146 Ita
817 2099 899 2164 virgil.
914 2099 1009 2162 111,10.
1027 2100 1130 2147 Primus
1142 2114 1186 2164 ego

152 2183 234 2232 Codice
255 2184 425 2246 D'Orvilliano,
444 2184 489 2231 hoc
507 2184 597 2231 saeculi
613 2200 654 2249 no7
685 2185 715 2230 iu
727 2186 840 2248 patriam
856 2201 963 2247 mecum,
986 2185 1053 2232 modo
1074 2186 1129 2232 uita
1145 2200 1186 2232 su-

153 2271 196 2331 ni,
213 2267 256 2316 illo
273 2268 359 2316 decimi
375 2270 455 2330 tertii,
476 2267 583 2333 legatur:
604 2269 653 2332 Py·
680 2271 779 2332 percit,
797 2270 876 2318 Aonio
892 2271 990 2317 redieras
1006 2270 1120 2318 deducam
1133 2285 1186 2317 aas*

157 2356 225 2403 tisias
247 2356 353 2402 waucba
374 2357 470 2402 lucrata
493 2355 592 2402 Simone
616 2361 653 2401 ta
687 2356 736 2402 tice
756 2356 851 2403 Musas.
877 2355 956 2421 Satyri
977 2372 1024 2403 non
1047 2364 1142 2402 manent
1160 2356 1187 2404 in

155 2442 255 2490 batum.
685 2457 771 2503 scena,
797 2439 838 2488 sed
859 2439 989 2490 identidem
1015 2443 1138 2504 visuntur,
1161 2450 1186 2490 et

188 2529 296 2575 Tantum
315 2527 344 2575 dc
359 2527 438 2575 medio
455 2528 546 2575 sursum
562 2526 656 2574 accedit
688 2542 760 2574 sceau
775 2541 822 2574 non
840 2536 876 2575 est
892 2527 968 2575 altera
984 2543 1060 2593 neque
1073 2521 1188 2576 nova‘Sa·

157 2614 263 2662 datoris.
280 2614 308 2661 In
322 2612 461 2679 quibusdam
473 2611 536 2661 MSS.
550 2613 653 2660 accedet.
688 2622 794 2678 tyrorum
808 2610 887 2675 sedes,
902 2612 942 2660 sed
956 2614 1141 2677 repraesentatio
1148 2629 1189 2661 ve·

154 2698 218 2766 qnod
247 2699 307 2748 mihi
338 2700 433 2748 silentia
458 2696 656 2764 praetereundum
688 2699 747 2746 teris
763 2707 787 2745 et
803 2693 923 2763 antiquae.
949 2698 1028 2765 Satyri
1043 2716 1124 2746 revera
1140 2715 1188 2748 non

156 2802 205 2833 esse
229 2803 275 2833 non
298 2784 401 2834 videtur.
425 2786 532 2832 Tantum
555 2784 654 2832 baama
687 2800 716 2831 ex
732 2783 798 2831 silvis
811 2784 859 2830 suis
872 2783 1038 2847 deducuntur,
1053 2783 1093 2832 sed
1107 2785 1133 2831 in
1146 2783 1188 2832 sil·

156 2870 268 2930 accedit,·
293 2870 405 2932 quomodo
428 2867 537 2930 accedit,
563 2877 587 2938 et
607 2884 655 2932 per
686 2870 737 2930 vis,
762 2868 879 2917 simulatis
903 2868 1015 2933 quidem,
1042 2878 1067 2917 at
1088 2879 1187 2918 naturae

158 2970 227 3017 quem
242 2953 351 3004 accedit?
371 2955 398 3002 ln
414 2953 520 3001 dramate
537 2953 656 3019 Satyrion,
690 2955 804 3020 imagine,
823 2965 951 3020 apparent,
968 2955 1051 3020 quales
1065 2965 1089 3003 et
1105 2956 1152 3020 ipsi
1166 2965 1190 3004 et

157 3041 253 3105 inquit,
272 3056 394 3105 personam
414 3056 443 3088 ex
462 3041 511 3087 vita
528 3042 658 3102 communi,
691 3040 764 3087 silvae
783 3049 845 3088 sunt.
871 3040 1005 3104 linunt,
1018 3043 1042 3089 8.
1061 3042 1191 3105 Satyrione

157 3117 287 3175 ridiculam
301 3127 405 3192 aliquam
420 3135 445 3174 et
458 3124 565 3174 omnibus
579 3127 658 3191 cogni-
690 3142 775 3174 saeuae
791 3134 911 3174 maaatur
931 3128 1073 3191 arboribus,
1096 3130 1192 3193 spatum
1276 3168 1279 3172 Δ

159 3222 222 3276 tam,
237 3221 401 3277 argumentum
411 3212 504 3260 faciam.
519 3211 601 3260 Omnes
608 3228 661 3277 qur
693 3214 746 3273 ais,
768 3214 908 3275 montibus,
931 3215 1036 3277 reliquis
1051 3216 1192 3280 agrestibus

158 3296 211 3346 dem
227 3297 357 3364 sperabant
372 3315 396 3346 se
413 3296 475 3345 idem
491 3314 557 3363 posse
571 3296 658 3346 scribe·
689 3298 776 3359 rebam,
800 3300 830 3344 iu
856 3299 963 3362 topiarii
986 3303 1066 3364 operis
1086 3286 1191 3366 speciem

158 3400 201 3447 re,
226 3383 267 3432 sed
284 3385 378 3447 conati,
400 3383 488 3431 frastra
505 3382 655 3432 laborabunt.
689 3382 841 3443 deformatis.
856 3383 934 3450 Satyri
949 3402 1018 3451 ergo,
1032 3388 1053 3434 si
1069 3385 1191 3435 advivam

156 3470 257 3518 Tantum
281 3471 352 3518 series
377 3479 402 3517 et
425 3471 535 3518 iunctura
558 3468 654 3517 valent:
689 3485 795 3532 reseces,
812 3467 892 3517 sedem
906 3487 952 3518 non
966 3481 1072 3535 mutant,
1086 3471 1193 3519 sedean-

159 3564 252 3604 tantum
268 3555 362 3604 honoris
376 3573 418 3621 per
430 3557 514 3604 seriem
529 3564 553 3602 et
565 3555 659 3602 iunctu-
692 3553 745 3602 dem
761 3564 868 3603 servant:
885 3573 932 3604 non
946 3555 1096 3605 deducuntur
1110 3574 1138 3604 ex
1152 3556 1193 3605 sil-

160 3656 210 3689 ram
224 3643 334 3690 mordet:
351 3659 394 3707 ego
407 3640 491 3690 addam
503 3642 574 3689 istum
587 3639 660 3688 hono·
691 3641 741 3703 vis,
756 3640 798 3689 sed
811 3651 918 3703 manent,
929 3640 973 3689 ubi
985 3660 1076 3708 semper
1085 3643 1192 3691 fuerunt.

161 3742 212 3775 rem
228 3726 256 3774 de
274 3727 350 3775 medio
367 3731 449 3776 sumtis
465 3730 490 3776 in
504 3744 531 3775 eo
545 3727 660 3789 carmine,
725 3728 778 3776 Aut
793 3729 919 3776 immunda
932 3735 1030 3792 crepent
1044 3729 1194 3793 igamniuio·

163 3809 226 3877 quod
243 3828 333 3877 sequar.
351 3813 428 3861 Series
436 3823 461 3861 et
469 3814 597 3874 iunctura,
613 3827 661 3858 mo-
692 3828 766 3875 saque
779 3814 854 3860 dicta.
872 3812 899 3860 N.
908 3812 1017 3860 Heinsius
1034 3830 1063 3860 ex
1079 3813 1132 3862 God.
1146 3815 1194 3862 dlo-

162 3897 207 3946 dus
231 3913 277 3962 quo
302 3907 379 3946 sumta
403 3892 532 3946 demedio
557 3888 660 3959 tractes,
693 3898 741 3946 reti
754 3898 876 3945 annotavit
890 3898 1192 3962 iguviniaiosaquedictu.
1213 3918 1216 3923 ’

165 3983 269 4032 multum
285 3982 374 4031 valent.
396 3984 443 4048 Ego
461 3981 589 4032 ostendam.
606 3982 666 4030 Tan-
696 3991 769 4047 atque
785 3983 820 4029 ita
835 3981 937 4046 legimus
949 3983 975 4030 in
989 3982 1070 4031 eadem
1082 3983 1127 4034 hac
1140 3986 1194 4052 Epi-

163 4078 215 4118 tum
231 4085 246 4117 a
263 4083 299 4117 me
315 4067 410 4116 honoris
427 4067 530 4117 acreda.
692 4066 753 4116 stola
768 4082 802 4117 vs.
817 4067 872 4116 1⁰7.
893 4067 994 4116 Tristia
1005 4076 1124 4119 moestum
1139 4072 1193 4120 Vul-
