2752 4844
540 376 599 436 lu
630 377 847 438 PISONES.
1163 377 1200 438 51

216 577 362 648 Humani
387 579 512 648 vultus.
546 578 581 648 Si
609 579 656 647 vis
680 569 734 648 me
759 576 860 670 llere,
885 579 1068 652 dolendum
1093 587 1144 650 est

181 809 267 849 nostra.
292 800 403 865 Compara
423 799 559 849 Vondelium
578 817 630 850 cum
647 801 677 848 li·
708 799 814 866 phaneis.
831 802 892 849 Loca
908 801 1005 868 collegit
1018 801 1115 851 lacobus
1127 811 1207 849 noster

180 887 250 934 matis
264 887 318 934 istis
334 903 363 935 ex
379 885 457 935 schola
474 897 499 935 et
519 886 587 935 docta
604 888 676 935 socie·
707 886 803 935 Geelius
824 888 850 934 in
867 886 1040 951 elegantissima
1059 888 1087 936 dc
1105 889 1207 951 Telepho

176 980 231 1027 ¹tate
247 972 337 1036 poetis,
359 973 401 1037 qui
417 982 469 1036 post
485 989 539 1020 eum
555 964 674 1020 vixerunt.
708 972 845 1034 serapidis
862 973 1085 1036 Commentarius,
1103 973 1167 1023 edita
1180 975 1206 1022 in

181 1056 315 1104 Pulchrum
329 1059 403 1122 igitur
417 1074 465 1104 non
480 1057 550 1105 simul
570 1059 675 1105 continet
707 1054 821 1122 Operibus
830 1057 913 1106 Classis
920 1058 1012 1106 Tertiae
1021 1059 1128 1107 lustituti
1137 1060 1207 1106 Neer-

180 1142 347 1204 dulcedinem,
362 1152 390 1190 ut
406 1159 482 1208 neque
499 1145 524 1190 in
540 1142 591 1190 loco
604 1143 675 1189 ilora·
707 1141 799 1189 landiae
811 1142 887 1207 Regii.
905 1144 1020 1192 Discimus
1034 1161 1063 1192 ex
1076 1143 1207 1192 Scholiasta
1226 1187 1230 1192 ,

181 1228 360 1290 tianocucteru,
375 1226 676 1289 deLucilio,dulcedinem
708 1226 826 1292 Aristoph.
852 1226 914 1277 Nuh.
934 1231 990 1277 22³.
1023 1229 1154 1293 Telephum
1177 1228 1207 1277 ab

180 1315 307 1362 continent.
325 1295 386 1376 Quid
402 1314 483 1361 enim?
504 1313 609 1361 Lucilius
625 1322 675 1361 erat
707 1312 818 1376 Euripide
832 1313 906 1362 luisse
918 1312 1042 1362 inductum
1056 1316 1082 1362 in
1095 1314 1207 1376 Saeuam,

179 1400 278 1464 scriptor
292 1398 444 1466 Satyrorum,
462 1408 486 1447 et
503 1399 598 1464 quidem
611 1415 674 1446 acer·
707 1402 732 1445 in
747 1397 833 1446 habitu
846 1400 961 1448 mosea
975 1401 1049 1448 Iocus
1061 1398 1207 1448 Scholiastae

179 1484 257 1532 rimus.
282 1484 330 1532 lam
345 1485 371 1532 iu
387 1484 470 1550 Satyra
486 1501 532 1532 uon
547 1494 582 1531 est
597 1485 676 1532 dulcu-
707 1483 776 1533 valde
798 1494 922 1549 corruptus
946 1495 994 1533 est:
1025 1482 1060 1534 ‘0
1085 1483 1208 1549 Τήλεφος

178 1569 218 1631 do,
232 1568 274 1617 sed
285 1571 362 1617 omnia
375 1569 436 1631 alia,
451 1569 597 1618 adulcedine
607 1586 676 1634 quam
709 1568 838 1627 βασιλεὺς
861 1558 894 1634 ἦν
916 1569 1037 1629 Μυσίας,
1060 1569 1207 1636 ὃνπλανη-

178 1657 279 1704 ruaxime
302 1666 398 1704 remota.
424 1655 480 1703 Cum
503 1656 613 1702 Horatius
637 1653 677 1703 hic
709 1654 830 1711 θέντων,
858 1654 905 1703 ὅτε
920 1656 970 1711 ,εἰς
995 1653 1097 1720 Τροίαν
1117 1655 1207 1722 ἀπήρ-

176 1740 308 1806 alloquitur
322 1743 451 1805 Telephum
462 1750 487 1788 et
500 1741 587 1802 Palea,
601 1741 676 1788 uomi-
708 1758 802 1804 χοντο,
819 1739 864 1788 καὶ
881 1739 937 1789 τῶν
949 1738 1089 1805 Ἑλλήνων
1107 1740 1208 1807 δῃούν-

175 1823 247 1874 nihus
261 1825 357 1891 quidem
374 1829 451 1874 utitur
466 1824 563 1887 iisdem,
584 1825 670 1891 quibus
702 1843 754 1874 των
784 1829 835 1892 τὴν
870 1825 957 1876 αὑτοῦ
989 1830 1040 1892 μὴν
1069 1826 1131 1875 ἀντὶ
1157 1831 1207 1892 τῆς
1275 1831 1279 1842 ’

178 1926 235 1959 usus
250 1920 286 1959 est
301 1922 384 1975 antea,
403 1911 445 1960 sed
461 1911 564 1977 exempli
580 1927 672 1959 canem:
709 1910 825 1977 Τροίας,
852 1909 1000 1978 ’Ἀχιλλεύς
1025 1910 1137 1979 ἔτρωσεν
1160 1913 1207 1961 καὶ

177 1996 230 2044 vult
244 1999 321 2059 enim,
336 2005 394 2045 tunc
405 1997 547 2059 infortunia
555 2013 673 2060 personae
705 1997 787 2046 πάλιν
812 1997 968 2064 ἀποροῦντα
989 1999 1039 2048 τού
1062 1997 1207 2063 θεραπεύ-

107 2082 110 2088 ’
176 2084 285 2130 uliceius
306 2085 418 2147 tragicae
437 2099 475 2130 me
498 2083 603 2131 madent.
627 2083 674 2146 hp-
706 2096 813 2140 σοντος,
835 2087 885 2147 τῆς
907 2081 1037 2141 Πυθίας,
1065 2083 1087 2134 ὁ,
1102 2082 1208 2150 τρώσας

176 2167 253 2232 pellat
278 2168 353 2232 prima
376 2169 487 2228 nomina,
518 2182 577 2230 quae
604 2168 626 2212 ei
648 2168 673 2213 in
707 2167 826 2224 ἰάσεται,
841 2165 998 2230 ἀνελούσης,
1016 2169 1208 2234 παραγενόμε-

176 2262 279 2300 mentem
310 2249 453 2312 veniebant,
481 2266 541 2316 quae
568 2251 673 2314 proxime
706 2268 752 2298 νον
781 2251 821 2307 εἰς
846 2248 1002 2300 Θετταλίαν
1032 2254 1070 2319 τῷ
1097 2254 1206 2320 χρησμῷ

176 2346 360 2402 praecesserunt.
368 2337 543 2385 Potuissetsane
551 2335 672 2401 appellare
706 2335 831 2393 πεισθεὶς
851 2337 1004 2403 θεραπείας
1024 2336 1126 2402 ἠξίωσε.
1155 2338 1207 2388 dv-

176 2423 236 2485 alia,
253 2440 276 2471 v.
291 2439 312 2470 c.
332 2423 422 2486 Oedipo
438 2423 490 2470 sive
503 2423 608 2469 Ποοαύα.
626 2421 674 2468 lam
707 2424 881 2487 στυχησαντα
908 2419 939 2471 di
961 2423 1074 2491 ύστερον
1090 2425 1208 2489 πεποίη-
1231 2436 1235 2443 ’

178 2511 296 2573 Telephus
317 2517 342 2556 et
360 2508 449 2555 Peleus
471 2524 517 2555 non
531 2505 677 2555 inducuntur
711 2525 757 2556 κεν
774 2506 932 2574 Εὐριπίδης
953 2509 981 2557 ἐν
999 2508 1133 2575 δράματι,
1151 2513 1208 2575 πή-

174 2605 293 2660 tamquam
321 2610 411 2658 pauper
432 2603 456 2641 et
482 2593 548 2641 exsul
574 2595 599 2641 in
625 2602 674 2640 tota
707 2610 757 2657 ραν
784 2592 900 2656 ἔχοντα,
928 2595 973 2642 καὶ
996 2598 1205 2663 προσαιτούντα.

174 2678 316 2744 Tragoedia,
338 2678 380 2727 sed
401 2680 426 2726 in
443 2678 561 2743 particula
577 2679 676 2743 Tragoe-
707 2679 794 2726 Locum
810 2681 876 2743 prius
892 2679 1030 2744 emendare,
1053 2681 1138 2730 deinde
1155 2699 1207 2732 sen·

175 2765 236 2814 diae.
252 2766 330 2826 Tunc,
344 2767 370 2813 in
383 2765 426 2813 illa
443 2764 574 2829 particula,
591 2762 672 2832 inillo
706 2765 805 2811 tentiam
828 2764 948 2829 explicare
970 2765 1079 2815 conabor.
1096 2766 1206 2816 Scriben-

174 2861 243 2912 actu‚
276 2865 386 2915 personae
412 2851 472 2897 istae
496 2858 598 2896 utuntur
618 2847 670 2896 Ser·
702 2847 758 2895 dum
771 2850 847 2913 igitur
860 2859 928 2914 puto:
943 2851 989 2898 nol
1003 2850 1139 2918 δῃούντων
1153 2857 1205 2918 τὴν

175 2952 242 2983 mone
267 2934 384 3000 pedestri,
405 2944 434 2981 ut
455 2933 562 2981 Chremes
583 2942 676 2998 tanturn
709 2932 796 2983 αὑτοῦ
816 2940 868 3000 γῆν
884 2935 938 2984 τῶν
954 2936 1016 2984 ἀντὶ
1032 2942 1081 3002 τῆς
1104 2937 1205 3003 Τροίας
1298 2973 1304 2987 ,

173 3023 282 3070 Sermone
300 3021 403 3085 tragico,
426 3017 517 3084 quando
533 3020 608 3067 iratm
626 3028 669 3067 est.
702 3015 853 3085 Ἑλλήνων·
867 3030 904 3078 et,
917 3019 1029 3087 ἔτρωσεν
1043 3025 1131 3088 αἰχμῇ
1138 3022 1202 3089 Πη-

171 3107 286 3172 Reliquae
309 3116 388 3172 partes
402 3105 543 3170 Tragoediae
561 3104 670 3152 Sermone
704 3104 791 3154 ledda.
818 3107 964 3173 ἀποροῦντι
985 3110 1035 3158 τού
1057 3111 1200 3176 θεραπευ-

172 3196 263 3259 tragico
279 3202 334 3241 sunt
350 3193 500 3257 compositae.
517 3192 542 3239 Si
553 3189 671 3256 Telephus
704 3205 806 3249 αοντος,
821 3197 869 3255 τῆς
879 3190 994 3250 Πυθίας
1007 3194 1150 3261 ἀνελούσης
1163 3196 1199 3244 »ὁ

173 3289 197 3327 et
205 3280 288 3328 Peleus
299 3277 359 3326 tales
374 3279 400 3326 in
409 3286 458 3325 tota
465 3275 593 3342 Tragoedia
601 3275 670 3324 indu-
702 3276 805 3342 τρώσας
819 3278 925 3326 ἰάσεται
933 3281 1152 3345 παραγενόμενον
1161 3283 1201 3340 εἰς

173 3375 295 3427 cereutur,
310 3374 360 3412 tota
368 3361 494 3428 Tragoedia
506 3361 610 3428 pedestri
624 3379 672 3410 ser·
705 3359 879 3412 Θετταλλαν”
898 3365 936 3430 τῷ
956 3367 1064 3433 χρησμῷ
1082 3386 1105 3416 κ.
1129 3387 1154 3416 τ.
1174 3368 1198 3416 λ.

172 3467 239 3499 mone
264 3460 370 3499 constare
392 3447 497 3497 deberet.
520 3447 603 3513 ltaque
623 3465 671 3494 non
702 3446 807 3497 Achilles
827 3449 957 3514 Telephum
977 3451 1112 3501 vulneravit
1132 3452 1201 3502 hasta

170 3525 375 3601 essetTragoedia.
388 3531 669 3599 Telephum'l’ragoediae
701 3532 804 3582 Peliade.
827 3534 931 3600 Telepho
946 3554 994 3585 non
1009 3539 1141 3586 invenienti
1156 3540 1199 3604 qui

173 3632 337 3686 argumentum
349 3623 426 3669 iecere
439 3619 510 3667 multi
517 3619 670 3680 Graecorum,
703 3619 902 3691 ipsumruraret,
919 3638 992 3687 quum
1008 3622 1093 3688 Pythia
1105 3641 1201 3689 respou-

170 3706 277 3772 hgutho,
299 3706 431 3772 Cleophon,
448 3704 552 3770 Iophon,
567 3701 670 3769 heschy·
702 3703 788 3768 disset,
806 3707 872 3771 »qui
886 3707 1033 3769 vulneravit,
1050 3705 1199 3773 medebitur,

173 3793 224 3854 lus,
241 3791 384 3857 Sophocles,
400 3790 536 3856 Euripides,
551 3789 601 3838 alii.
623 3787 669 3836 llo·
700 3791 754 3838 siin
766 3777 908 3839 Thessaliam
915 3794 1038 3853 veneris”,
1052 3793 1147 3842 oraculo
1159 3812 1199 3860 pa-

171 3879 247 3926 ratius
262 3877 391 3942 Telephum
407 3875 558 3941 Euripideum
572 3875 670 3939 cogitas·
703 3892 756 3923 rens
771 3876 902 3940 Telephus,
923 3875 1083 3925 valetudinem
1099 3883 1198 3947 recepit.

170 3964 314 4013 revidetur:
332 3963 494 4027 llocapparet
511 3960 671 4024 exsragmen·
702 3961 769 4008 Hunc
797 3959 927 4025 Telephum
955 3971 1043 4025 postea·
1060 3964 1197 4030 Euripides,

172 4053 202 4098 tis
219 4067 279 4115 quae
294 4057 401 4108 exstant,
425 4056 449 4094 et
465 4045 567 4111 parodiis
582 4045 669 4093 hristu-
702 4054 791 4094 mutata
807 4044 920 4107 historia,
937 4046 1007 4094 finxit
1022 4048 1156 4114 infelicem,
1175 4063 1203 4099 et,

790 4122 810 4157 ar
