2752 4844
186 403 243 466 148
446 401 661 463 ltoltttu
692 402 934 462 EPISTOLA

214 605 359 676 Noseere
382 602 574 677 mendaeem
599 625 782 696 verumque
807 601 925 673 beetm
948 603 1105 672 amicum.

214 722 287 813 Tu,
312 743 373 793 seu
388 720 540 812 doneris,
565 743 624 791 eeu
646 720 729 815 quid
752 719 877 791 donare
899 720 989 791 voles
1010 721 1091 809 cui,

212 839 324 912 Nolito
346 837 390 909 ad
411 860 526 910 versus
550 838 612 909 tibi
634 839 739 909 factos
759 838 884 910 ducere
907 838 1048 935 plenum

143 1131 145 1135 ,
175 1085 259 1126 tumen
274 1078 310 1127 ite
325 1082 444 1127 contemni
456 1078 536 1145 digno.
549 1079 624 1127 Levis
641 1087 676 1126 est
707 1084 774 1126 ctum
798 1079 842 1140 qui
865 1085 931 1126 recte
949 1093 1041 1142 ponere
1052 1077 1150 1141 pessit,
1167 1074 1206 1122 Et

181 1161 306 1228 epitheton
321 1165 392 1214 certis
412 1163 547 1213 hominihus
565 1180 594 1213 ex
614 1165 678 1212 omni
710 1163 825 1228 spondere
838 1164 888 1211 leui
904 1179 951 1228 pro
961 1178 1083 1228 paupere,
1105 1168 1132 1209 et
1155 1161 1206 1208 eri-

182 1247 317 1297 conditione
325 1249 455 1315 proprium,
465 1251 526 1298 uilis
533 1247 678 1315 pauperihus
705 1264 766 1313 pere
781 1250 848 1296 artis
860 1246 960 1296 Litilus
972 1246 1131 1312 implicitum.
1148 1244 1204 1293 ldeo

177 1334 289 1381 universe
303 1335 431 1400 proprium.
465 1335 541 1401 Atque
558 1351 601 1400 pro
614 1334 678 1382 LEVI
710 1335 778 1382 artie
791 1335 881 1381 titilus
902 1332 945 1397 (sie
961 1334 1023 1382 enim
1039 1332 1096 1381 olim
1117 1328 1205 1380 scrihe-
1233 1325 1235 1329 ¹

178 1415 338 1467 scribendum,
349 1427 385 1467 est
405 1420 477 1483 VILI,
500 1429 525 1468 et
543 1419 614 1468 sintnl
630 1419 677 1468 eliu
708 1418 779 1481 bont,
788 1435 844 1480 non,
853 1428 881 1467 ut
891 1435 962 1484 preve
970 1435 1042 1482 nunc,
1050 1415 1139 1481 aretio)
1148 1417 1206 1483 quie

179 1500 305 1566 mutanda,
329 1520 376 1569 quo
398 1505 462 1554 sacto
483 1521 575 1553 versum
591 1506 678 1571 accipi·
710 1503 802 1552 dixerat
822 1505 988 1568 implicitum:
1012 1503 1071 1552 haec
1096 1504 1158 1551 enim
1178 1517 1205 1549 se

178 1587 334 1654 musvulguto
350 1589 563 1656 longemeliorcm:
582 1591 676 1639 Sioero
707 1599 790 1637 mutuo
814 1590 959 1654 respiciunt:
984 1591 1089 1652 strictis,
1111 1586 1206 1636 nodosis

176 1680 228 1736 eet,
241 1681 342 1722 unctum
350 1676 395 1738 pni
401 1682 468 1724 reete
475 1691 567 1740 ponere
575 1677 672 1740 poerit,
705 1673 803 1737 litibus,
828 1673 891 1722 unde
913 1676 974 1741 eripi
990 1685 1014 1724 et
1028 1673 1126 1722 liberari
1147 1682 1203 1722 oute

178 1758 217 1807 Et
232 1759 351 1823 spendens
362 1762 415 1809 uili
422 1777 469 1826 pro
479 1776 605 1826 paupere,
622 1776 676 1809 eum
707 1760 771 1808 salva
787 1759 884 1808 difficile
901 1769 949 1818 est3
970 1758 1117 1826 implicatum
1132 1768 1157 1807 et
1170 1759 1204 1806 ir·

175 1845 256 1908 erupit
287 1846 356 1893 atrio
383 1847 484 1894 Litiiue
515 1848 674 1911 implicitum.
707 1847 813 1894 retitum.
844 1844 984 1894 Prudentius
1010 1844 1140 1910 Peristeph.
1165 1844 1203 1907 X,

177 1929 237 1993 Quin
253 1929 367 1995 spondet,
382 1930 438 1980 dum
459 1931 572 1997 spondet,
589 1948 678 1997 paupe·
709 1933 765 1980 202.
785 1932 835 1988 Qut
851 1934 877 1979 si
892 1933 989 1979 citatur
1004 1931 1206 1996 lepiduooeetris
1283 1952 1287 1959 ·

177 2030 228 2062 rem
238 2015 319 2080 eripit.
328 2015 425 2064 Rectius
434 2018 526 2081 cripit,
540 2032 610 2082 quum
619 2033 676 2080 pes·
708 2031 766 2063 reus
777 2017 883 2079 laqueis
895 2017 1151 2080 minaeisimplieutue
1162 2017 1206 2064 Iu·

178 2101 217 2148 tit
225 2101 328 2164 mpero.
344 2102 418 2167 Iunge
427 2112 506 2150 tutem
514 2105 540 2150 ei
547 2109 599 2164 eet,
611 2109 677 2149 —et
710 2103 768 2150 liae.
785 2103 908 2150 Lucretius
920 2102 951 2165 V,
969 2103 1038 2150 1146.
1052 2103 1144 2165 Sponte
1156 2115 1208 2148 sua

175 2187 272 2250 suipit,
296 2203 343 2235 nou
367 2189 412 2251 qui
430 2188 515 2252 pessit
538 2195 564 2236 et
588 2187 675 2251 eripit.
708 2188 799 2235 cecidit
813 2188 857 2235 rui
874 2189 939 2252 leges
954 2188 1133 2250 artaqueiura.
1151 2185 1206 2235 Stu-

176 2271 285 2335 Eripsre
302 2273 397 2338 proprie
412 2271 441 2321 de
453 2288 494 2321 reo
507 2271 602 2322 dieitur.
620 2271 676 2320 Vide
710 2273 757 2320 tius
773 2272 829 2322 Siiv.
845 2272 895 2335 111,
911 2275 935 2321 5.
953 2274 1031 2322 Nulla
1034 2273 1094 2335 foro
1106 2273 1205 2336 retice,

175 2355 300 2405 Graevium
315 2356 347 2405 ad
361 2357 454 2406 Florum
470 2359 495 2421 I,
511 2348 536 2407 3.
573 2358 625 2405 Vili
640 2357 675 2405 le·
706 2364 752 2405 aut
767 2359 872 2405 strictae
886 2359 974 2423 iurgia
989 2361 1061 2423 legis.
1086 2356 1208 2406 luvenalis

176 2442 237 2506 pisse
260 2440 355 2490 videtur
374 2443 557 2491 Commentator:
583 2443 674 2491 »Levi
707 2441 773 2504 llll,
789 2443 829 2490 50.
848 2442 899 2500 Qui
912 2444 981 2491 iuris
995 2445 1068 2491 nodos
1083 2452 1109 2493 et
1123 2446 1205 2509 logum

174 2526 240 2574 viii:
261 2528 399 2591 promittere
422 2529 546 2592 pecuniam
562 2543 586 2575 se
606 2527 674 2575 dstu·
707 2528 850 2592 aenigntata
862 2528 949 2576 solvet.
963 2527 1053 2576 Plinius
1065 2529 1125 2578 Hist.
1139 2529 1202 2593 ΧΠ,

176 2626 244 2672 rum,
262 2626 332 2676 q'uum
346 2610 417 2659 dehet
430 2612 485 2660 vilis
498 2629 589 2678 pauper
598 2622 622 2660 et
630 2611 674 2661 hu·
705 2613 730 2661 ὅ.
750 2611 860 2660 Additae
873 2613 938 2677 leges
950 2621 1035 2676 artae,
1052 2622 1078 2663 ct
1092 2616 1148 2664 ideo
1163 2631 1205 2664 su·
1297 2654 1302 2663 ,

176 2696 269 2745 milis.”
286 2697 459 2763 Interpretatur
472 2699 547 2761 vilis,
562 2697 675 2747 dicenset
702 2698 800 2762 perlae.
815 2697 893 2745 Cicero
906 2715 948 2763 pro
964 2698 1044 2748 Sextio
1060 2717 1080 2748 c.
1097 2703 1138 2750 41.
1171 2700 1205 2749 Ut

175 2783 295 2844 humilis,
308 2793 336 2831 ut
344 2800 413 2849 suepe
422 2785 490 2850 quiesi
502 2801 545 2848 per
553 2783 676 2849 periphrs·
707 2784 781 2830 illum
796 2785 960 2831 exsultantem
982 2793 1007 2832 et
1024 2786 1204 2849 tripudiantem

174 2869 212 2917 sin
221 2868 313 2916 fuciunt
324 2866 475 2918 Scholiastue.
489 2868 555 2933 Quod
567 2870 593 2917 iu
606 2870 671 2935 prin·
703 2869 801 2934 legum,
818 2871 844 2917 si
854 2877 953 2933 posset,
970 2872 1064 2934 ltqueis
1081 2872 1205 2919 constrin-

175 2954 239 3018 eipio
254 2952 340 3002 scholii
352 2954 454 3018 positum
470 2963 506 3002 est
519 2954 582 3015 lavi,
597 2951 675 3002 deleu-
703 2961 785 3018 geret.
799 2955 842 3002 Pro
853 2954 930 3003 Coelio
944 2971 964 3005 c.
979 2958 1018 3005 70.
1037 2957 1074 3004 Eo
1084 2959 1206 3018 nralofioio

173 3047 228 3086 tur:
246 3038 296 3085 oili
317 3047 352 3087 est
372 3037 526 3101 vocabulum,
549 3035 612 3104 quod
626 3038 670 3087 ille
703 3046 776 3086 erant
788 3041 924 3103 impliciti,
942 3049 973 3089 ut
985 3057 1016 3090 eu
1027 3043 1121 3090 nullius
1137 3042 1204 3108 legis

174 3123 202 3171 iu
219 3139 261 3170 suo
278 3123 385 3189 exemplo
398 3123 467 3174 vidit.
708 3125 803 3188 laqueis
815 3126 947 3174 emittendi
960 3127 1110 3177 uiderentur.
1123 3129 1151 3176 lu
1159 3129 1203 3176 lu-

208 3207 247 3254 Εἰ
259 3209 353 3272 eripere
369 3211 437 3258 utris
449 3211 550 3258 Litibue
564 3209 674 3274 implici-
706 3210 792 3257 tinium
805 3225 826 3258 c.
843 3211 867 3258 ὅ.
887 3212 947 3260 Cum
962 3213 1083 3276 homines,
1099 3214 1203 3277 negotiu

176 3299 238 3341 tum.
262 3292 340 3341 Atreu
353 3292 448 3360 quidem
464 3296 525 3342 litec
539 3295 597 3343 sutis
611 3292 672 3343 bene
702 3301 832 3359 gerenos,
855 3295 962 3345 iudiciis
977 3299 1148 3362 iniquissimis
1163 3301 1203 3346 ir-

175 3376 225 3428 dici
236 3387 348 3443 possunt,
373 3389 401 3428 ut
422 3387 493 3428 atrae
509 3395 597 3443 curae,
619 3383 674 3429 atti
705 3381 804 3428 retiret.
818 3381 846 3428 Et
862 3398 912 3429 rem
928 3393 953 3430 et
967 3381 1204 3450 verbahabesupud

175 3466 256 3513 luettts
270 3473 294 3512 et
310 3464 405 3515 similia.
418 3465 492 3532 Atqui
507 3482 535 3513 eo
548 3475 616 3531 pacto
631 3481 671 3514 vu·
703 3464 849 3516 Ammiuuum
862 3466 1025 3516 Marcellinum
1040 3469 1116 3530 XXX,
1131 3470 1157 3518 4.
1170 3468 1203 3519 de

174 3566 231 3615 gum
244 3549 404 3599 tantummodo
420 3561 608 3617 perpetuumque
625 3553 671 3599 erit
703 3549 793 3600 rabulis
809 3552 954 3602 forensibus:
980 3554 1030 3612 Qui
1044 3555 1113 3601 inter
1130 3556 1202 3603 sulli-

175 3635 312 3702 cpitheton:
338 3651 392 3684 eum
414 3645 492 3684 tamen
513 3639 538 3685 iu
560 3646 672 3701 promptu
704 3637 829 3685 citudiem
853 3639 963 3687 iudicum
979 3654 1026 3702 per
1046 3641 1126 3687 multu
1149 3641 1202 3689 die-

176 3731 228 3770 erut
241 3719 307 3771 uliud
317 3722 398 3786 aptius
408 3730 432 3769 et
445 3721 600 3788 singularius,
610 3719 673 3786 qnod
706 3729 789 3769 tentae
809 3724 964 3773 irresolubili
982 3740 1047 3773 nean
1062 3726 1202 3774 vincientes

175 3823 206 3855 ex
222 3809 272 3873 ipso
289 3805 338 3855 solo
355 3808 489 3871 enascitur,
516 3817 540 3856 et
556 3805 619 3873 quod
634 3804 675 3854 ed·
706 3809 820 3872 negotia,
843 3810 954 3856 laborant
977 3816 1007 3857 ut
1028 3813 1107 3859 munis
1130 3812 1201 3875 quies

173 3893 262 3942 iunctis
277 3891 399 3942 vocubulis
414 3895 462 3942 vim
478 3902 584 3941 mutuum
600 3891 671 3940 donst
703 3894 793 3942 litibus
804 3894 961 3957 implieetur,
977 3902 1003 3942 et
1017 3897 1116 3944 nodosis
1129 3910 1200 3959 quac-

174 3974 300 4042 debetque.
317 3978 397 4044 Neque
415 3981 477 4028 enim
494 3977 594 4041 dubito,
613 3978 671 4043 quin
703 3979 826 4028 itionibus
849 3978 878 4027 da
893 3979 1022 4030 industria
1036 3982 1136 4031 iudicia
1149 3983 1199 4029 eir·

173 4060 207 4109 sio
215 4059 306 4111 dederit
313 4061 436 4113 Horatius:
452 4066 485 4113 Si
494 4078 552 4112 vero
562 4071 601 4111 est
610 4099 618 4125 ‚
626 4079 671 4111 un·
702 4065 880 4113 eunuuilunt:
890 4080 1011 4127 uenenum
1018 4067 1197 4133 depravamur,
