2752 4844
505 399 564 458 nu
596 399 812 460 r1so1tss
1023 463 1029 473 ,
1131 395 1171 453 75

176 602 238 672 Dic
250 601 349 692 mihi,
369 601 482 690 Musa,
497 602 605 671 virum
617 654 627 691 ,
641 609 759 695 captae
770 609 848 695 post
858 608 1007 698 ¹tempora
1019 597 1151 685 Troiae,

65 825 66 828 ’
142 825 199 872 retii
223 823 402 873 antecedentem
444 825 512 883 Quid
539 827 642 891 dignum
672 833 732 888 post
750 831 857 888 temporo
866 824 962 872 Troiae.
979 820 1055 869 Codex
1064 827 1175 886 pervetus

146 916 217 956 tauto
229 910 303 970 seret
326 911 367 957 bic
386 911 525 974 promissor
546 907 644 958 biatu?
676 908 777 957 Achillis
798 908 869 957 Statii
890 909 999 970 moenia,
1024 922 1071 954 non
1088 913 1177 969 tempo-

143 1010 217 1059 qnum
249 993 364 1043 scriberet
384 997 412 1056 1,
434 997 458 1044 5.
502 997 642 1044 »Occurrit
674 1010 721 1054 ru,·
740 996 819 1043 etita
839 1003 919 1042 noster
940 992 1097 1057 Vigornieusis
1117 1005 1180 1038 moe·

142 1080 209 1127 miti
216 1080 309 1141 forsan
324 1082 434 1144 aliquis,
452 1082 513 1143 quid
529 1083 570 1129 iric
585 1097 644 1145 pro-
676 1081 722 1127 nia
735 1081 901 1141 incontrius,
916 1075 1179 1143 temporainterlineus

87 1149 91 1156 ’
142 1167 220 1213 misso
244 1168 314 1214 tanti
336 1169 417 1231 operis
438 1164 564 1232 dignum?
596 1167 643 1215 dut
676 1183 719 1232 pro
735 1167 801 1214 varia
814 1165 917 1213 lectione
934 1165 1011 1229 ponit,
1027 1161 1178 1209 Ausoniusin

141 1253 196 1316 quis
219 1250 264 1299 hoo
289 1253 379 1314 nescit,
404 1252 463 1301 ulios
487 1251 643 1300 barbarismos
664 1249 1017 1324 jPeriocbaIlibriOdysseue:
1034 1247 1176 1308 Diomibi,

142 1337 267 1385 scribendo
279 1338 344 1400 fieri,
362 1338 421 1386 ulios
435 1335 584 1402 roqunuo?”
597 1337 642 1387 Ubi
674 1340 763 1400 Musa,
786 1339 886 1399 uirum,
907 1343 993 1400 captae
1004 1342 1064 1399 post
1079 1332 1176 1384 nomia

146 1421 306 1486 reponendum
339 1432 390 1471 est:
425 1423 559 1471 »Occurrit
583 1422 643 1472 mihi
676 1425 779 1486 Troiae,
797 1423 936 1481 Quimores
951 1422 1076 1469 homiuum
1091 1420 1178 1467 multo-

144 1508 222 1555 forsun
241 1508 336 1573 aliquis.
354 1508 434 1572 Quid?
446 1509 494 1556 Hoc
507 1512 645 1574 promissore
678 1525 733 1557 rum
755 1510 823 1557 uidit
839 1517 864 1556 et
876 1509 956 1557 uides.
973 1509 1010 1554 ltu
1027 1504 1118 1553 codices
1130 1504 1177 1552 du-

141 1594 203 1640 tsnti
221 1595 300 1658 operis
322 1592 456 1658 dignum?’'
480 1595 533 1658 lpse
550 1595 643 1658 Quinti·
674 1596 778 1651 soniuni3
805 1592 868 1658 quod
886 1610 914 1641 ex
930 1591 1133 1656 vulgatisilorntii
1143 1589 1174 1638 li·

139 1677 218 1726 liunus
247 1679 339 1726 sutetur
370 1678 429 1727 haec
467 1696 516 1727 esse
544 1695 643 1743 parua,
676 1679 726 1728 bris
755 1679 914 1744 Murinngelus
938 1677 1062 1726 dccmsins
1085 1676 1176 1740 primus

139 1778 201 1827 quae
217 1762 276 1811 adeo
285 1781 332 1814 non
344 1762 543 1829 exspectabantur
554 1763 583 1812 ub
599 1782 640 1827 eo,
674 1764 836 1830 interpolavit.
847 1765 920 1812 Recte
930 1779 986 1812 vero
993 1762 1103 1823 moenia,
1112 1759 1176 1826 quod

63 1850 65 1855 '
141 1849 184 1914 qui
200 1849 319 1913 professus
329 1859 380 1897 erat
388 1867 413 1898 se
421 1859 514 1898 tuntum
525 1867 584 1916 opus
593 1867 642 1898 esse
675 1850 801 1915 figuratius
818 1859 842 1897 et
858 1830 1083 1914 uoiprruoiurpou’,
1098 1855 1124 1893 et
1136 1860 1176 1924 oo·

139 1935 291 1999 scripturum.
325 1935 447 1983 Bentleius
462 1936 547 1984 Latino
563 1937 638 1983 Deti-
666 1943 729 2000 piae
747 1937 836 1983 Troius
846 1935 953 1996 moenia,
966 1948 1008 1998 pro
1021 1939 1095 1996 coptu
1103 1950 1112 1979 .·
1127 1945 1175 1996 qur
1270 1994 1272 1997 v

138 2018 255 2067 doratiou
279 2030 303 2068 et
323 2021 412 2069 Graeca
430 2019 639 2086 Ἐπιθυμητικὰ
671 2021 791 2072 locutione
800 2020 862 2068 nihil
870 2021 948 2085 poetis
956 2018 1114 2084 frequentius.
1129 2017 1175 2065 Uu-

137 2105 201 2152 inter
225 2121 249 2153 se
275 2115 407 2171 opportune
428 2107 580 2170 comparavit.
604 2107 638 2153 De
671 2105 701 2154 de
716 2123 773 2154 vero
790 2106 846 2153 telis
866 2104 955 2168 lectio,
972 2106 1018 2153 nisi
1034 2088 1117 2151 auctor
1134 2101 1174 2150 de-

138 2182 185 2254 qur
203 2207 228 2238 re
243 2188 319 2239 dicum
336 2189 443 2256 aliquid,
460 2193 638 2256 grammaticum
672 2189 762 2254 disset,
780 2207 794 2238 u
809 2190 923 2240 Librariis
937 2191 1067 2255 excogitari
1078 2174 1174 2254 potuit?

138 2274 249 2339 quidem,
264 2292 339 2341 eoque
351 2275 383 2324 sb
402 2277 446 2338 iis,
463 2276 543 2341 quise
560 2275 638 2341 philo·
670 2277 733 2324 Post
745 2277 842 2323 moenio
854 2283 941 2340 capta,
957 2285 986 2322 ut
999 2274 1112 2339 Virgilius
1125 2274 1173 2336 XI,

136 2359 236 2425 sophos,
253 2371 309 2424 aut,
332 2364 353 2411 si
373 2361 414 2410 Dis
431 2361 510 2426 placet
527 2359 640 2409 uestbeti·
672 2363 729 2411 270.
754 2361 807 2409 Noc
825 2362 891 2409 mibi
906 2376 960 2409 rum
978 2360 1081 2407 Teucris
1095 2360 1174 2406 ullum

137 2446 286 2510 cesserunt,
303 2457 461 2495 contemtum:
479 2445 521 2494 sed
537 2446 639 2495 illinon
667 2453 728 2511 post
742 2454 816 2495 eruto
830 2447 918 2496 dolium
926 2447 1056 2512 Pergamo.
1073 2442 1174 2492 Sabinus

136 2530 278 2597 intelligunt
300 2543 446 2599 quantopere
462 2549 545 2598 nugae·
560 2533 638 2594 istae,
672 2534 746 2597 Epist.
763 2534 795 2581 ΙΙ.
820 2532 949 2596 Quidquid
970 2533 1033 2579 mite
1042 2531 1103 2592 suit
1114 2536 1174 2595 post

136 2618 209 2666 sicuti
229 2618 365 2683 appellant,
382 2618 413 2667 nd
428 2620 503 2680 seria,
520 2616 566 2666 hoc
583 2627 636 2681 est,
669 2619 758 2666 diruto
772 2620 903 2684 Pergamo.
913 2617 977 2666 Ovid.
987 2618 1048 2665 Fast.
1061 2616 1172 2678 nutus.

34 2733 36 2736 -
136 2703 211 2766 ipsum
232 2719 312 2751 rerum
332 2704 518 2769 intelligentium
540 2703 635 2752 ducunt.
670 2704 787 2752 dulmine
795 2703 1172 2768 postuusoscoolumufflotare

136 2787 219 2836 Gracci
233 2786 445 2854 Ἔπιθυμητικὰ
457 2805 500 2837 sna
515 2789 638 2837 finxerunt
666 2791 791 2854 gigantas
815 2790 904 2838 Sutura
927 2790 999 2838 Iovi:
1010 2788 1095 2851 primo
1112 2793 1172 2834 tem-

137 2872 288 2934 erraturis,
303 2891 331 2922 er
348 2875 491 2923 osurientes
505 2889 557 2922 eiu.
574 2874 611 2921 Itu
625 2891 639 2922 a
667 2889 729 2938 pore
741 2876 849 2923 inermis
861 2881 924 2930 orat.
938 2872 1059 2921 Claudinn.
1073 2873 1170 2936 Eutrop.

136 2960 247 3023 γαμήσω
257 2968 293 3006 est
300 2959 448 3023 γαμησείω,
457 2975 472 3007 u
480 2957 636 3024 πολεμήσω·
664 2959 704 3021 ΙΙ,
719 2963 758 3009 11.
768 2963 913 3025 uetudpost
926 2961 1013 3008 obruta
1025 2960 1105 3007 morbo
1113 2959 1171 3006 Cor-

136 3042 320 3109 rrodruopoeiu,
334 3045 629 3110 αχέζω-χέσω-χεσείω.
659 3060 740 3110 pora,
762 3048 886 3094 Paconius
906 3046 1067 3110 nequidquam
1090 3045 1171 3092 odmu-

135 3130 634 3195 lntiuisormuruntdcsidorotiuausupi·
666 3134 734 3180 veris
758 3133 852 3180 iterius.
887 3120 1000 3196 Equidem
1020 3129 1111 3196 siquid
1127 3129 1169 3179 hie

135 3216 189 3278 nis,
211 3231 272 3282 quae
297 3217 433 3280 significant
448 3218 566 3265 internum
587 3219 635 3265 vim
668 3227 786 3266 mutatum
794 3218 895 3281 vellem,
903 3218 1000 3279 funera
1012 3219 1091 3282 potius
1104 3215 1168 3264 dice-

136 3309 161 3348 et
180 3301 294 3350 effectum
317 3303 367 3364 rei,
389 3317 449 3367 qnae
474 3303 636 3367 perverbum
668 3319 718 3351 rem
732 3319 802 3368 quum
816 3311 977 3367 tomporu‚ut
993 3302 1077 3350 Noster
1091 3302 1167 3353 Cnrun

136 3387 223 3452 agitur.
237 3388 265 3435 In
275 3389 442 3436 terminatione
450 3388 530 3436 Latini
541 3397 633 3436 veteres
666 3388 691 3450 1,
707 3391 731 3437 8.
747 3391 790 3437 sud
811 3391 943 3437 honorosa
960 3390 1049 3438 Troiae
1061 3389 1167 3448 funera..

135 3474 211 3520 secuti
226 3483 283 3521 sunt
295 3473 402 3522 Graecos.
424 3474 479 3521 Fuit
489 3475 567 3535 enim,
583 3490 633 3522 cre·
664 3475 760 3522 Lucret.
774 3475 806 3537 Y,
820 3477 877 3525 337.
907 3476 958 3524 Cur
976 3490 1066 3540 supera
1078 3475 1166 3521 beilum

135 3555 177 3618 do,
212 3573 266 3606 curn
294 3560 477 3624 pronuntiarent
498 3559 633 3622 parturio,
668 3561 808 3608 Uiuianum
823 3568 849 3608 ct
863 3561 960 3622 suusru
984 3562 1082 3609 Troiae.
1107 3558 1167 3606 Non

134 3645 264 3705 nupturis,
280 3637 309 3691 ut
321 3643 404 3693 Graeci
416 3645 560 3708 γαμήσειω.
578 3644 632 3692 Ter·
664 3645 730 3693 adius
738 3647 789 3693 aiii
795 3663 885 3710 quoque
893 3648 1048 3696 rescecinors
1056 3639 1165 3709 poetae?

135 3728 234 3775 minotio
255 3730 307 3776 seio
323 3729 362 3777 vel
378 3731 417 3778 sio
429 3730 515 3778 Romae
533 3728 595 3777 abiit
607 3731 633 3778 in
664 3729 765 3780 Sabinus
773 3733 846 3797 Epist.
853 3734 872 3781 1.
881 3732 955 3782 Nune
957 3733 1069 3796 primurn
1077 3730 1165 3776 Pullus

134 3814 187 3874 rio,
206 3821 235 3860 ut
250 3829 279 3860 ox
293 3815 494 3862 Volesussactum
511 3824 547 3862 est
566 3816 632 3862 Vuis-
664 3832 749 3865 ousae
759 3818 923 3881 postfutura
939 3818 1029 3864 Troius
1045 3816 1164 3863 Visami·
1211 3841 1214 3847 ·
1240 3812 1242 3818 ’

134 3915 194 3961 m,
220 3900 346 3961 Valerius,
365 3917 395 3948 ex
408 3901 546 3948 Fusiur-
560 3901 634 3949 Furi·
666 3903 1081 3966 tiu-medtumumpouiratutu.
1097 3903 1163 3951 BEN-
1191 3919 1194 3930 ¹

133 4001 175 4046 us,
189 3985 246 4034 eliu.
661 3986 766 4036 TLEIVS.

166 4073 217 4120 Dic
229 4071 312 4132 milri,
326 4071 414 4132 Musa,
432 4073 528 4134 mmm,
545 4079 630 4136 captae
694 4074 741 4138 Ego
755 4089 798 4121 cnr
813 4089 890 4140 neque
906 4082 993 4139 captas
999 4083 1059 4140 post
1073 4084 1162 4142 trumo·
