2752 4844
502 387 562 448 Ab
593 387 810 448 alsonus,

171 592 239 662 Nec
263 591 310 660 sic
334 591 492 685 incipies,
519 596 558 660 ut
580 590 723 685 scriptor
743 589 879 683 Cyclius
902 555 1000 659 olim:

173 708 356 778 Fortunam
380 708 501 777 Priami
526 707 669 777 cantabo
694 714 727 778 et
750 706 863 778 nobile
885 704 1025 778 bellum.

172 827 262 916 Quid
284 818 424 922 dignum
445 834 538 896 tanto
564 825 649 897 feret
671 827 727 896 hic
753 829 936 922 promissor
959 822 1083 897 hiatu?

113 950 116 965 '
174 945 365 1016 Parturient
391 954 539 1036 mantes,
564 953 721 1017 nascetur
741 946 906 1016 ridiculus
930 969 1018 1016 mus.

141 1147 231 1214 pudore
247 1148 493 1215 reprehensioneque,
510 1152 637 1199 autetiam
669 1150 767 1213 liastas,
792 1153 812 1199 si
825 1168 872 1199 non
891 1149 1001 1199 mendosa
1016 1159 1071 1198 sunt
1084 1166 1167 1198 exem-

141 1234 243 1282 ulterius
259 1234 381 1300 progredi:
398 1251 499 1300 namque
512 1235 589 1300 pudor
600 1252 641 1283 ve·
673 1236 763 1301 plaria,
780 1236 822 1284 sed
837 1238 914 1285 tatius
930 1246 965 1285 est
980 1237 1121 1285 vetustiores
1134 1253 1170 1284 se·

142 1330 179 1368 tat
201 1337 243 1369 uos
265 1321 375 1369 inchoata
399 1321 523 1384 deserere,
548 1331 573 1369 et
595 1321 636 1370 lex
668 1323 731 1387 (fui3
752 1332 777 1370 et
792 1325 887 1371 suavius
900 1323 1084 1386 sonaooycn'ns
1100 1323 1172 1385 alim,

144 1408 222 1471 operis
232 1405 300 1454 iubet
308 1416 350 1454 aut
363 1408 459 1472 penitas
466 1425 513 1455 nan
526 1408 643 1472 incipere,
676 1424 746 1473 quam
763 1409 882 1472 Cyclicus.
899 1408 1057 1457 BENTLEllS.

144 1501 187 1539 aut
200 1494 296 1557 incepta
312 1494 454 1557 perficere.”
469 1493 550 1541 Omnes
562 1492 643 1541 huius·
708 1495 844 1542 Fortunam
860 1497 960 1543 Priami
975 1496 1075 1543 cantabo
1088 1502 1114 1542 et
1132 1510 1173 1542 na·

146 1576 209 1626 modi
223 1580 445 1644 interpretationes,
459 1595 473 1625 a
489 1577 537 1626 loci
554 1588 647 1627 senten·
680 1580 727 1627 tite
743 1582 838 1628 bellum.
864 1580 891 1628 ln
912 1598 981 1629 versu
997 1591 1081 1645 poetae
1098 1579 1172 1647 Cyclii

145 1665 180 1712 tia
196 1663 302 1726 alienae,
320 1665 439 1725 vitantur,
465 1665 486 1711 si
501 1665 642 1728 recipiamus
674 1681 721 1713 nou
734 1664 803 1712 video
821 1665 879 1731 quid
892 1668 924 1714 sit
935 1665 1052 1714 tumidum
1066 1675 1089 1713 et
1104 1665 1174 1714 infla

144 1747 208 1798 illud
226 1749 327 1809 ru‘erre.
359 1750 430 1796 lletri
450 1748 546 1814 quidem
570 1748 640 1797 hodie
673 1760 733 1798 tum.
750 1751 839 1799 Nobile
852 1752 959 1816 prosecta
973 1761 1073 1799 nonest:
1092 1752 1173 1816 itaque

145 1836 317 1883 securisumus.
332 1835 441 1884 Horatius
454 1835 558 1901 alioquin
570 1834 642 1884 dixis-
674 1835 750 1899 nihil,
774 1846 803 1884 ut
818 1839 844 1885 in
861 1838 996 1902 exemplum
1012 1846 1172 1902 proponatur,

145 1930 195 1968 set:
221 1921 285 1968 Unde
301 1921 391 1982 referre
407 1921 495 1985 pedem
511 1929 581 1969 vetat
597 1928 643 1970 ant
675 1921 738 1988 quod
754 1924 852 1988 quisquc
870 1921 968 1971 devitet.
994 1923 1069 1986 Quare
1088 1921 1118 1969 ad
1134 1937 1176 1970 no·

143 2007 224 2070 pudor
236 2014 282 2054 aut
297 2008 378 2070 operis
393 2008 441 2056 len.
676 2017 748 2056 stram
768 2008 961 2057 consuetudinem
977 2008 1035 2057 haec
1052 2010 1087 2056 ita
1102 2004 1174 2057 scribi

178 2093 230 2141 Nec
243 2094 281 2140 sic
293 2093 416 2156 incipies,
432 2100 464 2140 at
478 2094 587 2156 scriptor
599 2094 643 2157 ay·
675 2103 782 2158 possent:
806 2096 942 2142 Fortunam
957 2095 1058 2141 Priami
1073 2095 1175 2142 cantabo

146 2179 284 2227 climolim.
301 2179 441 2242 Reginensis
453 2168 643 2242 amanu'prima,
676 2186 703 2225 et
725 2180 805 2226 nobile
822 2180 1029 2226 bellum--—
1049 2179 1119 2237 Quid
1136 2179 1174 2226 di-

150 2262 305 2311 etlossianus
322 2261 452 2325 secundus,
468 2262 521 2310 Nee
533 2265 571 2310 sia
586 2265 650 2311 inci-
679 2279 757 2330 gnum
773 2270 844 2311 tanto
851 2264 923 2325 seret
931 2266 971 2312 bie
975 2265 1113 2328 promissor
1120 2266 1175 2313 bia-

143 2350 211 2413 pies,
220 2349 472 2412 utcon'ptarCyclius
480 2348 547 2396 olim.
556 2348 641 2396 Recte:
677 2345 730 2396 tu?
753 2331 942 2397 Horatiusduos
966 2359 1014 2397 tres
1036 2366 1117 2398 versus
1137 2367 1174 2398 se·

147 2436 236 2500 quippe
251 2434 345 2482 Graecis
358 2433 460 2484 κύκλιοι
474 2435 599 2498 scriptores
606 2433 645 2481 illi
677 2444 776 2500 quantes
798 2451 827 2483 ex
843 2436 913 2484 initio
934 2445 1016 2500 poetae
1033 2437 1102 2483 istius
1118 2436 1175 2485 omi-

72 2544 74 2550 .
135 2518 266 2569 ¹dicuntur.
289 2519 413 2585 Euripides
428 2519 518 2567 Helena
529 2535 552 2567 v.
571 2521 641 2567 1³20.
675 2521 720 2583 sit,
742 2529 810 2583 notos
833 2522 922 2586 qnippe
944 2519 1074 2569 Pisonibus.
1094 2522 1122 2568 Et
1139 2531 1175 2569 est
1235 2503 1241 2514 ¹

147 2605 272 2656 Kastron
297 2605 384 2672 χορῶν
409 2604 456 2660 ἔξω
478 2600 642 2671 παρθενίων.
678 2607 838 2654 inemissioue
852 2605 950 2654 acerbus
965 2607 1043 2669 iocus,
1060 2604 1176 2672 quasidi-

147 2691 313 2757 Aristophanes
335 2690 457 2739 Nubibus:
485 2690 596 2741 κυκλίοιν
612 2708 644 2740 τε
678 2701 759 2755 ceret,
776 2692 911 2738 Fortunam
934 2692 1035 2738 Ρυίιιυιί
1053 2719 1087 2726 -
1102 2693 1177 2740 nostis

149 2776 235 2842 χορῶν
252 2777 492 2836 ἀσματοκοίυπτας.
517 2786 541 2824 et
558 2776 642 2824 lienis:
677 2785 763 2825 cetera.
781 2775 873 2843 Cyclius
888 2775 940 2824 illic
955 2793 1006 2825 v.c.
1021 2776 1107 2824 addere
1123 2786 1177 2842 pot-

151 2861 278 2911 κυκλίοισι
290 2869 408 2928 χοροῖσιν
422 2860 547 2910 onasus.
567 2861 652 2918 etdvi·
683 2863 721 2909 uit
739 2862 899 2926 Europaeque
922 2860 1045 2925 Asiaeque
1060 2863 1177 2911 incendia

149 2945 207 2996 bus:
234 2946 330 2996 κύκλια
355 2945 434 3011 μέλη,
462 2956 486 2995 et
511 2945 649 2996 κυκλιοδι-
681 2948 753 3010 dira,
770 2957 795 2996 et
807 2947 854 2995 alia
875 2947 958 2995 similis
972 2946 1053 2995 tubae.
1079 2947 1176 2998 Omnino

150 3032 291 3090 δάσκαλος.
325 3034 401 3098 Atque
420 3032 479 3081 haec
499 3032 596 3098 quidem
617 3032 648 3081 ad
679 3042 772 3081 veteres
795 3042 886 3098 partem
909 3032 969 3095 loci,
994 3031 1055 3081 bene
1072 3035 1175 3100 cogniti,

149 3119 240 3186 Cydias
261 3118 358 3167 Melicos
371 3127 496 3184 spectant:
522 3118 565 3166 alii
581 3128 647 3167 erant
679 3117 788 3166 solebant
809 3120 899 3180 citare,
921 3118 1041 3167 interdum
1061 3119 1107 3168 dua
1131 3123 1178 3171 tria

151 3206 234 3270 Cyclii
249 3206 327 3270 Epiri
333 3239 341 3268 ,
357 3204 452 3270 qualem
463 3219 538 3252 unum
551 3203 647 3253 hicme·
678 3202 801 3253 rocabula.
831 3202 969 3252 Suffecisset
984 3203 1024 3253 hic
1042 3207 1177 3255 Fortunam

150 3301 226 3340 morat
239 3292 343 3340 Flaccus.
357 3291 504 3355 Epigramma
516 3291 542 3338 in
552 3289 648 3355 Apollo·
680 3290 868 3339 Priami--.

121 3430 124 3436 ,
152 3375 203 3426 dori
231 3376 417 3426 bibliothecam:
460 3374 510 3439 Μὴ
538 3374 648 3425 κυκλίων
714 3376 865 3423 Parturieni
887 3384 995 3440 mantes,
1012 3386 1128 3426 nascetur
1143 3380 1179 3426 ri-

152 3465 231 3528 ζὴτει
247 3461 406 3528 πολύθρουν
428 3461 531 3525 στίχον.
556 3459 595 3517 ε’ίς
614 3478 648 3520 με
681 3461 778 3508 diculus
787 3477 849 3509 mus.
875 3461 911 3509 lta
927 3462 1021 3511 Codices
1036 3465 1112 3512 nostri
1127 3480 1180 3511 cum

152 3550 204 3614 qap
234 3548 329 3616 ἀθρῶν
362 3546 498 3614 Εὑρήσεις
529 3546 556 3594 ἐν
590 3545 649 3605 ἐμοί
682 3544 766 3609 editis,
781 3557 879 3613 excepto
892 3549 978 3614 Regia,
992 3551 1035 3614 qui
1047 3551 1097 3597 sine
1106 3549 1180 3597 litura

152 3632 239 3683 πάνθ’
255 3634 303 3684 ὃσα
319 3634 413 3692 κόσμος
426 3631 492 3696 ἔχει.
507 3630 648 3696 Anthologia
681 3631 796 3695 exhibet,
821 3643 850 3680 ut
874 3643 898 3681 et
922 3633 968 3682 dua
998 3633 1179 3697 Pulmanniani,
1212 3681 1214 3688 ,

153 3719 193 3781 lI,
209 3720 258 3781 40,
274 3720 300 3767 in
320 3719 413 3767 Pastas:
439 3717 511 3774 Τοὺς
528 3715 651 3774 κυκλίους
684 3718 838 3767 Parturiunt
858 3727 967 3780 marites,
988 3727 1103 3766 nascetur
1116 3720 1180 3768 ridi-

152 3804 280 3862 τουτοίις,
297 3804 361 3861 τοὺς
381 3803 470 3868 αὐτὰρ
490 3800 586 3852 instrat
607 3801 652 3850 λί-
684 3805 753 3851 culus
768 3820 830 3852 mus.
855 3804 961 3851 Valerius
978 3802 1074 3868 quidem
1093 3804 1181 3854 Probus

154 3907 251 3955 νοντας
276 3888 353 3937 Μισῶ
385 3887 543 3944 λωποδύτας
573 3885 653 3935 ἀλλο·
685 3905 709 3953 p.
727 3890 798 3937 1468.
817 3898 841 3936 et
857 3888 951 3937 Servius
963 3888 993 3936 ad
1007 3888 1105 3939 leneid.
1115 3890 1180 3954 un,

51 4012 54 4016 -
153 3975 332 4044 τρίωνέπέων.
351 3976 379 4022 Et
395 3972 423 4021 hi
431 3972 526 4038 quidem
533 3973 653 4022 interdum
684 3975 724 4021 83.
735 3975 900 4037 parnerient,
917 3984 945 4022 ut
957 3992 1019 4023 nunc
1036 3975 1132 4042 quidem
1146 3979 1182 4027 se-

155 4062 273 4113 κυιιλιιιοι
285 4067 398 4109 vocantur
406 4058 469 4125 apud
476 4058 652 4108 GraecosScha·
683 4069 777 4107 runtur.
792 4059 888 4122 Contra,
905 4059 928 4109 S.
937 4061 1092 4127 Hieronymus
1101 4074 1181 4113 contra
