2752 4844
498 389 557 448 An
590 389 807 452 PISONES.

176 591 283 686 Digna
304 595 391 686 geri,
412 616 546 688 promes
561 595 596 662 in
616 615 769 680 scenam3
794 593 969 686 multaque
989 593 1088 663 tolles

148 710 370 811 Trocmis,
392 709 480 805 quae
503 735 581 781 mox
601 708 716 781 narret
739 711 895 781 facundia
921 735 1091 806 praesens:

170 831 219 901 Ne
243 853 366 924 pueros
392 853 504 900 eoram
524 830 654 924 populo
679 829 794 900 Medea
820 829 985 916 trucidet3

173 947 243 1017 Aut
263 949 410 1017 humana
434 949 545 1042 palam
571 956 694 1041 coquat
719 955 797 1026 exta,
817 947 963 1017 nefarius
988 946 1128 1033 Atreus3

173 1066 243 1136 tut
262 1069 297 1135 in
323 1091 415 1136 avem
427 1067 558 1160 Progne
570 1075 738 1155 vertatur,
762 1066 907 1136 Cadmus
929 1067 1132 1158 inauguem.

173 1185 421 1279 Quodcumque
441 1184 586 1255 ostendis
608 1185 688 1254 mihi
711 1185 776 1274 sic,
801 1183 996 1254 incredulus
1022 1167 1088 1254 odi.

92 1285 94 1288 ¹
170 1304 259 1375 Neve
278 1305 407 1395 minor,
432 1328 500 1375 neu
521 1305 564 1374 sit
581 1305 699 1397 quinto
721 1303 918 1399 productior
940 1311 1019 1373 notu

141 1599 171 1648 lis
190 1603 231 1649 ΡΛ).
254 1617 299 1664 quo
316 1602 476 1662 manifestius
493 1604 570 1650 oeulis
585 1603 637 1650 dis·
662 1606 773 1652 eortius
790 1602 818 1651 de
833 1621 904 1651 coena
919 1603 1034 1669 Thyestae
1052 1602 1163 1668 exponit,

140 1694 270 1748 emerem,
296 1703 356 1750 qscas
380 1688 510 1752 defficilm
526 1689 638 1752 pereipi-
670 1697 695 1735 et
710 1690 736 1736 in
752 1688 841 1737 Medea.
862 1688 977 1754 Thyestae
995 1691 1112 1753 interpres
1129 1705 1165 1737 ar·

140 1779 219 1819 uretur
234 1773 330 1821 auditu.
668 1784 805 1838 gumenturn
822 1784 888 1822 aetus
904 1775 983 1839 quarti
998 1776 1056 1838 ipsis
1074 1774 1167 1822 Horatii

172 1859 302 1920 Multoque
319 1860 389 1906 tolles
413 1859 455 1906 Ea
472 1860 561 1922 mulis,
576 1875 637 1922 qens
668 1859 746 1907 verbis
760 1862 792 1908 sic
807 1861 947 1925 explicavit:
966 1859 1084 1907 »Crudele
1099 1861 1167 1908 ⁴htrei
1224 1866 1228 1870 “

141 1957 197 1989 moe
215 1951 303 1990 narret
309 1944 434 2004 facundia
444 1960 572 2008 praesens.
590 1946 637 1993 Fe·
670 1933 763 1993 facinus
785 1955 810 1992 et
824 1945 906 2010 epulas
921 1939 1053 2007 nefandas,¹
1070 1946 1096 1993 in
1113 1946 1166 2010 qui-

142 2029 232 2077 eundr'e
247 2039 282 2078 est
304 2030 390 2095 aliquis
407 2030 537 2088 facundus3
556 2032 639 2078 facua·
670 2029 715 2079 bus
733 2029 912 2096 apponebantur
924 2030 1039 2097 Thyestae
1054 2033 1091 2079 sui
1106 2029 1168 2078 lihe-

141 2113 171 2162 da
194 2131 291 2180 persona
315 2115 396 2180 aliqua
422 2114 523 2163 facunde
547 2125 635 2167 narret.
669 2118 703 2178 ri,
721 2116 792 2181 digna
806 2133 866 2181 quae
880 2117 995 2166 exoculis
1009 2125 1167 2182 spectatorum

140 2198 259 2247 Hactenus
280 2209 352 2247 reete.
367 2199 412 2246 Sed
428 2199 487 2264 quid
499 2197 639 2262 praesens?
671 2199 766 2248 sublata
774 2204 838 2249 intus
846 2212 998 2266 gererentur,
1015 2212 1096 2249 narrat
1106 2218 1167 2249 nun·

141 2285 332 2349 interpretantur
354 2286 385 2331 irs
400 2300 495 2332 scenam
512 2286 637 2347 prodierat.
672 2286 701 2333 tii
717 2285 828 2333 facundia
844 2291 980 2351 praesens.’'

140 2371 267 2435 inigitur
288 2370 374 2434 aliquis
390 2387 484 2418 narrare
506 2380 584 2433 potest
599 2372 639 2418 ud-
703 2373 756 2419 Nee
775 2387 865 2435 pueros
878 2388 957 2430 eorem
976 2373 1066 2434 populo
1081 2372 1168 2421 Medea

140 2454 222 2506 sens?
242 2456 281 2504 vei
294 2454 638 2520 nenprodiersse‘rsscersom?
672 2459 787 2506 trucidet.
813 2458 849 2504 Ita
872 2456 940 2504 hodie
962 2473 1005 2505 nee
1020 2459 1106 2522 passim
1122 2460 1168 2506 cir-

141 2541 269 2609 Epitheton
285 2545 442 2604 etotiosnm,
460 2551 484 2589 et
500 2540 638 2604 obscurum,
671 2543 817 2590 eumfcrtur:
856 2552 881 2590 at
912 2542 1026 2592 editiones
1057 2553 1166 2608 veteres,

141 2639 179 2690 et,
193 2645 275 2694 pamm
288 2628 354 2676 abest
371 2629 429 2693 quin
443 2627 533 2689 dicam,
550 2628 637 2676 ridicu·
670 2628 805 2676 Bersmanni
836 2627 929 2676 Codices
952 2638 1014 2690 tres,
1045 2631 1168 2695 nostrique

140 2714 199 2764 lum.
217 2715 264 2761 Aut
280 2716 333 2779 quis
341 2730 444 2779 unquam
461 2715 591 2777 scripturus
605 2722 641 2760 est
673 2722 768 2776 praeter
782 2712 839 2760 duos
853 2730 882 2760 ex
895 2715 1061 2762 recentissimis
1074 2731 1167 2777 omues,

140 2817 163 2849 v.
179 2817 199 2848 c.
226 2802 377 2863 Eloquentia
390 2815 508 2863 praesens
522 2798 639 2846 Ciceronis
671 2813 701 2845 ree
709 2819 719 2857 ,·
740 2814 810 2862 quam
825 2814 904 2845 veram
922 2815 970 2845 esse
989 2798 1116 2847 lectionem
1133 2800 1169 2848 lo-

140 2888 166 2934 in
182 2895 266 2933 senatu
282 2902 361 2932 omnes
377 2885 501 2932 commovit
511 2879 522 2944 ‚¹
535 2899 577 2947 pro
590 2884 637 2930 ele·
670 2899 710 2930 cns
727 2885 777 2947 ipse
790 2881 971 2931 demonstrabit:
989 2885 1180 2946 multequetolg

141 2972 243 3034 quentia
261 2966 424 3034 praesentis?
464 2969 539 3031 Quare
560 2983 637 3032 neque
671 2970 706 3016 les
722 2970 764 3016 Ea
780 2970 870 3030 oeulis,
888 2983 1018 3039 quoelmon
1031 2976 1119 3016 narret
1123 2970 1169 3031 fe-

140 3055 248 3122 procedit
277 3055 352 3103 altera
384 3055 566 3119 interpretatio,
592 3069 639 3118 qaia
671 3055 761 3102 cundia
772 3069 909 3117 praesens;
934 3053 974 3102 Ne
985 3070 1169 3118 puerascerem

141 3151 227 3208 putant
252 3156 372 3205 praesens
391 3140 511 3195 facundia
525 3137 584 3212 ‘diei
608 3138 636 3187 de
667 3141 754 3204 populo
770 3141 858 3187 Medea
879 3139 996 3188 trucidet.
1019 3140 1109 3204 Tolles,
1131 3144 1170 3190 ius

140 3245 251 3294 persona,
268 3244 328 3293 qliae
350 3228 386 3274 rei
397 3219 470 3273 'extra
489 3222 586 3295 ΑΜ
598 3241 638 3290 ge·
670 3227 738 3291 quit,
756 3241 785 3272 ex
798 3224 884 3272 oeulis:
899 3241 945 3288 ree,
963 3220 1008 3274 ἵνα
1022 3229 1073 3291 μὴ,
1091 3244 1168 3277 coram

140 3324 190 3363 stae
201 3330 310 3380 praesens
325 3312 446 3360 interfuit.
462 3312 572 3360 latinum
588 3320 635 3359 est:
670 3310 758 3375 populo
774 3312 866 3358 nefaria
881 3311 924 3358 illa
941 3321 966 3359 et
981 3314 1069 3361 atrocia
1086 3323 1111 3361 et
1132 3315 1168 3362 in·

140 3401 269 3463 Multaque
281 3400 352 3446 tolles
367 3398 409 3444 Ea
418 3398 507 3458 oeulis,
524 3412 637 3459 prosena
669 3394 794 3444 eredibilia
807 3395 968 3445 ostendantur.
985 3398 1015 3445 Ut
1022 3398 1103 3463 paullo
1111 3409 1166 3447 ante

140 3485 360 3534 meretricantis.
377 3477 498 3530 Praesers's
504 3481 544 3529 Ne
547 3479 638 3546 pueros
670 3497 703 3530 vs.
719 3483 773 3530 176.
798 3484 882 3530 Multo
889 3483 983 3543 ferunt
997 3485 1059 3531 anni
1069 3487 1168 3532 venien-

140 3585 219 3617 eoram
234 3571 324 3634 populo
339 3568 428 3617 Medea
444 3567 560 3616 trucidet.
585 3567 637 3615 Ele·
670 3574 707 3615 tes
729 3569 850 3616 cmmoda
870 3584 965 3632 seeum,
996 3571 1080 3618 Multa
1103 3585 1168 3618 reee-

44 3669 52 3679 ·
141 3656 275 3720 gantissime
285 3655 446 3716 vernantia,
461 3668 503 3718 pro
516 3668 562 3700 vose
575 3669 636 3702 reem
668 3653 752 3702 dentes
777 3655 909 3714 edisserit,¹
935 3670 965 3702 ne
979 3655 1050 3715 forte
1074 3657 1166 3704 seniles

142 3742 186 3790 rii.
204 3741 324 3805 Proprium
340 3749 390 3788 erat
405 3739 451 3787 hoo
473 3755 558 3786 munus
573 3755 635 3787 nues-
666 3741 818 3788 Mendentur
849 3742 937 3788 iuveni
968 3747 1065 3803 portes.
1106 3738 1164 3789 fide

143 3824 374 3887 resumendas
389 3835 414 3872 et
426 3823 637 3890 {turpissumi
669 3825 741 3875 Serm.
755 3827 780 3887 1,
797 3839 820 3887 1,
837 3827 877 3874 et.
903 3825 971 3872 Amat
993 3823 1054 3872 hanc
1069 3826 1168 3876 coniun-

141 3916 167 3962 in
184 3911 292 3977 plurimis
302 3911 442 3958 Graecorum
454 3909 588 3975 Tragoediis
601 3927 638 3958 res
671 3911 772 3959 ctionem
787 3910 905 3958 Horatius.
919 3909 1078 3959 BENTLEITS.
1154 3926 1157 3930 ·
1213 3952 1217 3963 ,

141 4002 283 4048 intnsactas
299 4006 402 4058 narrant.
426 3994 541 4043 Adhibuit
559 4004 583 4042 et
598 3995 639 4044 Se·
702 3996 893 4043 Praeferoetiarn
907 4009 950 4056 ne,
967 3993 1030 4059 quod
1046 4004 1070 4043 et
1086 3997 1167 4048 ntis.

140 4102 212 4147 neca,
228 4081 306 4132 veluti
321 4082 347 4130 in
361 4080 461 4146 Hyeste
474 4098 508 4130 vs.
521 4082 579 4130 62³.
593 4079 636 4130 ubi
668 4079 792 4129 Brenekm.
817 4080 953 4141 invenitur,
983 4079 1024 4127 sed
1050 4080 1166 4145 significa-
