2752 4844
544 405 606 470 An
635 401 856 469 alsonus..

218 617 446 710 Persimssem,
471 611 588 700 anina,
613 607 709 680 velut
731 606 824 701 aegri·
845 599 999 694 aomnia„
1016 622 1130 675 vanae

185 833 215 885 (in
237 835 300 901 (nam
320 833 351 882 de
371 842 421 882 tota
433 835 505 897 pisae
519 850 567 883 uon
587 832 678 900 agitur)
710 840 737 882 et
752 833 882 881 humanam
896 834 1013 883 membris
1023 833 1200 896 tnaaaefoe.

183 938 231 971 nou
243 923 357 988 mamis,
371 918 411 969 secl
424 919 513 984 plumis
519 919 551 967 sit
562 917 673 966 obducta.
706 932 778 966 nram.
804 915 841 964 lbi
863 933 914 964 aaa
927 927 966 1000 'est
981 916 1083 967 hominis
1094 919 1197 986 samso,

187 1011 278 1058 Variae
286 1012 386 1074 plumas
401 1023 450 1055 esse
462 1005 554 1071 plumas
566 1005 675 1053 diversis
705 1014 734 1052 ut
750 1004 836 1051 varim
849 1003 948 1064 sannae
964 1013 989 1053 et
1001 1008 1087 1054 variae
1094 1010 1199 1073 figuras

183 1096 317 1157 calmetus,
340 1101 390 1142 erat
410 1101 506 1153 notum,
531 1090 602 1156 idque
627 1092 674 1138 iam
706 1100 762 1138 sunt
778 1089 874 1155 plures,
892 1090 1010 1154 diversae,
1032 1108 1091 1157 quas
1107 1093 1199 1144 diversa

182 1190 275 1230 veteres
287 1180 430 1229 scholiastae
443 1187 591 1227 annotarunt.
609 1176 675 1242 Quod
706 1177 831 1240 animalia,
840 1195 906 1226 suum
918 1176 1082 1243 sibiquodque
1093 1180 1199 1244 peculia·

182 1267 209 1316 in
232 1265 314 1316 Codice
333 1268 406 1332 Regio
430 1266 542 1316 scribitur
561 1283 671 1332 panum,
704 1265 1198 1332 remaopropriarmhulreut„Quonuiu·

181 1351 227 1401 hoa
250 1370 297 1402 non
319 1357 449 1403 necessario
467 1356 522 1402 alna
545 1355 672 1420 significat.
704 1353 808 1402 tilianus
830 1353 908 1401 locum
933 1353 1025 1404 Horatii
1052 1356 1197 1420 respiciens,

180 1439 672 1506 Alterum,ntvidimus,saepe=proaltero
704 1437 782 1487 dixit:
806 1439 919 1487 Humano
934 1440 1016 1503 capiti
1030 1441 1146 1487 aauiaam
1154 1441 1198 1505 ps·-

181 1528 292 1593 po'nitur,
310 1536 334 1574 et
346 1525 490 1574 scholiastae
506 1525 537 1574 ad
553 1525 673 1590 explicari·
704 1532 758 1572 ator
769 1525 877 1587 Iungere
891 1526 918 1572 aa·
937 1526 1014 1587 volit,
1029 1533 1055 1573 et
1069 1534 1151 1574 autera
1167 1541 1198 1576 aa

181 1611 237 1662 dnm
249 1616 349 1679 plumas
362 1622 463 1661 utuntur
469 1613 569 1676 pannio.
586 1609 673 1674 Quodsi
705 1610 813 1657 diversis
824 1611 927 1657 maaria
939 1611 1073 1672 nabiiciat;
1087 1629 1198 1678 maguum

180 1714 224 1764 pro
240 1699 337 1763 plumis
352 1695 563 1757 saribassaamaa,
586 1694 673 1743 efficies
705 1703 871 1759 argumentum
896 1703 946 1757 est,
971 1711 1024 1744 eum
1041 1697 1126 1764 legisse
1148 1717 1205 1748 uou-

181 1784 289 1852 aliquid,
314 1783 378 1849 quod
400 1783 437 1829 rei
452 1782 585 1847 propositae
602 1795 672 1844 rapu·
696 1779 807 1840 samana,
822 1778 863 1827 sed
875 1781 989 1844 plumas:
1004 1799 1059 1830 num
1072 1799 1101 1832 ex
1117 1785 1199 1832 divar·

180 1880 247 1935 gunt.
272 1872 360 1919 Fama
383 1868 423 1917 hio
448 1877 483 1916 est
504 1865 596 1933 aliquid
612 1867 674 1914 inte·
706 1869 745 1914 sia
772 1868 874 1915 notaria
893 1869 1013 1933 significat
1031 1885 1062 1918 au
1081 1873 1198 1921 animali.-

181 1971 249 2022 grum
274 1964 408 2019 attatum,
431 1955 489 2004 lieet
513 1971 541 2004 ex
563 1953 671 2021 partibus
703 1955 747 2002 brar
764 1956 877 2003 diuersae
891 1963 1014 2018 naturae,
1038 1972 1070 2005 aa·
1084 1959 1199 2007 membris

181 2037 293 2102 diversis,
309 2038 410 2087 ridicule
423 2041 515 2101 mixtis,
533 2041 669 2104 composita.
702 2040 810 2104 audique
833 2043 946 2105 collatio,
968 2058 999 2091 aa·
1019 2044 1129 2094 divorsis
1140 2047 1198 2108 sar·

180 2125 229 2174 Una
242 2126 331 2187 forma,
348 2141 421 2172 uuum
440 2142 535 2190 corpus,
557 2142 605 2174 una
621 2143 673 2190 spe·
704 2129 762 2175 mia.
787 2127 853 2192 Quod
873 2128 903 2178 acl
926 2129 1039 2195 npodosin
1062 2134 1150 2180 attinet
1171 2133 1198 2182 in

180 2211 242 2272 aies,
261 2225 309 2256 una
325 2209 402 2272 imago
415 2210 440 2255 iu
459 2210 504 2255 ista
521 2207 603 2256 tabula
619 2211 672 2273 piu·
704 2226 773 2257 versu
790 2214 820 2273 8,
838 2228 978 2278 quamquam
1001 2234 1028 2265 eu
1049 2218 1121 2267 verba
1137 2218 1198 2269 mihi

180 2298 254 2364 gitur.
272 2296 361 2343 Fama
377 2293 512 2354 melioria.
530 2301 554 2339 et
571 2293 676 2357 eqni‚et
708 2309 755 2340 uon
771 2309 813 2340 suo
829 2293 880 2342 iaco
898 2313 946 2344 esse
962 2300 1057 2364 posita,
1081 2300 1123 2348 sed
1138 2317 1153 2348 ι
1168 2301 1199 2350 li·

179 2383 265 2450 piscis,
275 2381 485 2445 estjtatamalier,
495 2395 582 2444 equus,
592 2380 670 2444 piscis.
704 2379 789 2428 brutiis
807 2398 834 2428 eo
847 2381 957 2434 traducta
977 2385 1105 2451 videntur,
1122 2389 1199 2437 sacius

179 2473 258 2521 Pictor
272 2487 338 2519 suam
358 2471 427 2517 istam
444 2467 543 2514 formam
562 2465 673 2514 conflavit
705 2483 756 2514 mus
771 2467 895 2517 Horatium
907 2471 941 2519 ita
955 2473 1087 2536 scripsisse;
1104 2490 1152 2522 non
1161 2483 1197 2523 ta·

181 2573 211 2606 ox
226 2557 308 2605 formis
321 2553 440 2615 mulieris,
458 2553 527 2617 equi,
541 2553 626 2616 piscis,
640 2568 669 2600 ex
702 2567 756 2598 meu
775 2549 832 2600 hina
853 2556 975 2620 sequitur,
992 2559 1056 2625 qnod
1074 2561 1196 2610 Bentleius

180 2643 211 2694 iis
233 2651 313 2708 partes
334 2650 359 2690 et
382 2639 486 2689 membru
511 2641 601 2688 sumsit.
624 2639 673 2687 Hae
705 2637 815 2704 putabat.
837 2640 913 2703 Quum
934 2645 996 2692 enim
1017 2647 1043 2694 iu
1066 2649 1197 2712 posteriore

180 2739 260 2796 partes
277 2727 336 2776 haee
349 2725 453 2775 membra
470 2742 517 2774 uon
534 2726 599 2790 ipsae
618 2733 673 2772 sunt
705 2725 818 2772 orationis
831 2725 934 2776 membro
950 2733 998 2779 aui
1017 2732 1196 2801 dicitfarmaa,

172 2816 280 2873 formae.
304 2816 332 2862 Et
356 2813 471 2879 quomodo
489 2814 566 2878 pictor
585 2814 671 2861 uarias
702 2814 743 2861 vix
759 2813 830 2861 aliter
851 2814 978 2879 inpriore
995 2819 1100 2869 membro
1117 2821 1196 2873 diem

171 2902 272 2963 sosanna
296 2899 399 2947 inducat
426 2901 542 2947 membris
564 2899 669 2966 undique
701 2902 795 2967 potuit,
820 2917 891 2966 quam
909 2904 1131 2964 uariamsamaam.
1153 2907 1197 2955 Vs.

181 2987 382 3056 aollatisP'Finge
408 3003 461 3034 eum
478 2987 552 3052 capiti
567 2986 670 3036 humano
701 2990 755 3038 riae
772 2989 871 3050 formae
896 2990 1018 3056 postulant
1046 2993 1072 3040 in
1099 2993 1197 3059 epodosi

181 3084 207 3125 et
219 3073 306 3124 cervici
319 3073 418 3138 equinae
434 3071 673 3122 subiunxissehnme·
703 3090 751 3122 aaa
766 3077 943 3136 uaaafarmas.
960 3077 1073 3144 Appositu
1090 3079 1196 3131 adhunc

179 3178 218 3211 ros
233 3162 312 3224 tauri,
327 3159 511 3208 manussimiae.
528 3156 671 3206 llamariet
701 3169 804 3208 nostram
836 3159 1020 3226 disputationem
1044 3173 1100 3213 sunt
1122 3164 1196 3215 rerba

180 3263 268 3296 martae
290 3248 341 3312 ipsa
364 3253 420 3292 sunt
443 3241 547 3290 membra
564 3243 627 3291 tauri
645 3252 671 3290 et
702 3243 844 3307 Quintiliani
860 3245 938 3295 instit.
952 3247 1015 3300 Orat.
1033 3250 1075 3315 lv,
1093 3255 1123 3315 2,
1147 3255 1193 3303 77:

180 3336 274 3384 simiae:
291 3336 372 3400 itaque
388 3333 493 3379 mambra
508 3330 607 3378 inducit
623 3331 670 3378 illa
701 3338 732 3378 at
757 3331 863 3390 Ouidius
884 3335 1002 3385 martra
1016 3339 1046 3385 in
1061 3339 1195 3389 Metamor-

180 3436 239 3471 ruaa
254 3421 367 3482 saurae,
390 3435 441 3467 nou
450 3419 550 3478 forratas
571 3417 672 3466 inducit
697 3419 800 3483 piraeei
814 3422 884 3485 salat,
898 3437 967 3485 qaam
983 3430 1065 3472 tamen
1079 3439 1196 3475 eamcam

180 3508 308 3556 manubria:
321 3506 350 3554 de
363 3516 453 3556 mutatu
467 3515 545 3554 antem
558 3506 602 3555 illa
616 3523 670 3556 eon·
701 3510 836 3557 meraritas
857 3518 958 3574 pateat,
984 3528 1026 3561 ras
1051 3514 1196 3562 diaeraa'aas‘-

181 3595 318 3643 structionis
332 3596 440 3657 ratione,
462 3602 490 3641 ut
507 3609 597 3642 amaa
613 3609 673 3641 aura
704 3610 758 3641 maa
769 3596 799 3641 ia
814 3597 919 3660 specim
933 3600 1013 3647 uniar
1025 3600 1135 3663 carparis
1150 3599 1198 3648 σοι·

181 3681 285 3729 inducta
306 3691 330 3730 et
350 3697 438 3729 aarum
460 3683 574 3730 aaraihua
599 3680 672 3729 inda·
704 3682 830 3746 ligentur.
844 3684 996 3734 incommoda
1008 3684 1068 3734 haee
1080 3683 1153 3733 verba
1165 3683 1197 3736 aa

182 3772 262 3828 aaa,
284 3783 353 3833 qnam
367 3784 438 3834 supra
455 3769 538 3834 attigi,
559 3766 600 3817 hie
622 3785 670 3817 non
702 3770 819 3834 picturam
836 3778 860 3818 et
874 3785 914 3819 ras
927 3770 1113 3819 diversissimae
1126 3779 1197 3820 erunt

183 3853 309 3918 rogitatur.
337 3853 432 3903 Ovidius
455 3854 580 3918 ostendet,
608 3854 671 3920 quod
703 3856 808 3902 mambra
835 3855 942 3920 audique
970 3857 1059 3905 uallata
1066 3877 1077 3918 ,·
1104 3860 1198 3922 apeat'n

182 3940 245 3991 volo.
261 3940 306 3990 Hie
324 3942 417 3993 Metam.
439 3943 493 4008 Vll,
509 3945 571 4007 641,
589 3942 672 3992 scribit
700 3944 780 3991 'anias
795 3945 905 4007 carparis
920 3952 1000 3991 autem
1016 3944 1063 3992 erit
1083 3961 1134 3992 aaa
1140 3945 1198 4006 sar·

184 4027 293 4077 formicas
320 4053 354 4066 -
379 4032 481 4079 mnam
504 4047 675 4096 normarumque
706 4047 754 4081 mo.
769 4031 876 4098 Denique
885 4028 1026 4080 Prudentius
1039 4041 1120 4081 contra
1133 4031 1199 4096 Sym-

183 4115 272 4180 paam
287 4117 433 4183 nigrumque
452 4119 553 4168 calorem
569 4120 676 4182 Panare,
709 4115 819 4166 maehum
830 4117 867 4180 ll,
880 4118 927 4181 57,
936 4119 1032 4183 pausia
1043 4118 1113 4168 sidit.
1128 4117 1203 4167 aaa
