2752 4844
483 388 555 448 ‘All
587 388 803 450 PISONES.
1100 384 1157 448 139

170 589 209 660 Et
220 591 343 684 patrie,
355 597 389 662 et
401 597 547 678 nostrae,
560 613 756 683 nonumque
766 596 939 684 prematur
950 591 986 660 in
999 610 1137 678 annum,

136 814 227 882 busque
245 817 356 865 occurrit.
390 815 435 863 Nos
451 824 530 864 tamen
551 812 636 863 malui-
668 812 812 863 confundere
832 813 917 864 solent.
950 815 1051 862 Metram
1070 810 1163 860 obstare

140 919 206 964 mus,
230 903 261 949 ia
285 899 368 950 Macci
389 901 518 949 &mandat
542 900 637 948 iudicis
668 916 715 948 uon
731 909 822 965 potest,
838 916 885 966 quo
899 899 1082 966 minuslegatur
1097 900 1165 947 Meti

136 1003 218 1036 cares.
251 988 288 1035 Ita
313 987 383 1053 plane
406 987 550 1035 Graevianus
568 987 637 1034 Mae·
668 984 707 1034 vel
723 987 816 1048 Metii,
840 985 867 1034 in
882 985 940 1034 duas
955 982 1058 1051 syllabas
1073 992 1164 1032 contra-

135 1074 189 1134 cc'i,
214 1070 348 1136 Leidensis,
373 1074 469 1136 Mecii,
494 1072 633 1138 Baginensis
665 1072 707 1121 cti.
725 1071 759 1119 Ile
772 1073 906 1138 quantitate
919 1087 996 1137 nuper
1009 1068 1100 1136 aliquid
1113 1069 1165 1119 dixi

139 1156 220 1222 Meci,
241 1157 300 1207 licet
318 1176 332 1208 a
348 1175 419 1206 manu
436 1156 550 1214 secunda;
566 1165 637 1222 prout
668 1156 699 1205 ad
712 1156 836 1222 Virgilium
848 1155 945 1205 Aeneid.
958 1156 1024 1219 tut,
1041 1172 1096 1222 pag.
1108 1157 1164 1204 140.

78 1279 85 1295 .
117 1259 167 1291 ex
180 1244 229 1292 suis
244 1242 371 1293 Lambinus
384 1253 409 1291 et
425 1242 541 1308 Gruquius
556 1240 635 1291 edide-
667 1243 748 1291 Metii
762 1242 837 1290 rarius
850 1241 991 1290 inllistoria
1005 1241 1165 1289 Romanano-
1259 1272 1262 1276 -

135 1337 200 1378 runt.
217 1330 240 1376 Is
261 1330 311 1395 ipse
334 1338 383 1393 est,
401 1327 464 1395 quod
481 1326 633 1376 striderunt
665 1329 800 1390 minantur,
829 1330 925 1377 Maecii
945 1344 1029 1392 saepe,
1056 1327 1166 1391 inprimis

135 1415 253 1464 Manutius
274 1413 462 1481 Lambinuscsne,
481 1413 511 1463 de
530 1430 577 1480 quo
598 1413 634 1462 ci-
667 1413 727 1462 clari
742 1412 786 1462 sub
804 1412 951 1477 Caesaribus,
973 1411 1003 1461 de
1024 1428 1072 1478 qua
1087 1428 1113 1459 re
1129 1420 1166 1460 est

136 1517 190 1549 cero
205 1501 279 1568 Epist.
297 1501 380 1551 Famil.
396 1501 452 1564 III,
470 1502 492 1549 1.
516 1501 636 1564 Reliqua
667 1498 801 1549 dissertatio
814 1501 937 1548 Perizonii.
953 1499 1014 1547 Gens
1026 1499 1123 1546 Etrusca
1131 1513 1166 1545 es·

135 1601 191 1634 aero
210 1594 300 1651 partes
322 1586 375 1634 dici
393 1593 424 1634 ta
447 1600 574 1633 coeuacaas
594 1585 636 1634 iris
668 1583 803 1635 sevidetur.
821 1583 1088 1633 AMacciasderivatur
1097 1584 1166 1632 Mae·

135 1671 355 1735 deectatiasioas,
373 1686 434 1734 pias
460 1671 510 1719 titi
525 1672 581 1735 ipsc
604 1670 638 1719 ad
667 1672 742 1733 eina,
764 1668 908 1731 Marciaue,
934 1671 1077 1731 Maecenas,
1099 1679 1127 1717 nt
1152 1685 1166 1716 a

134 1758 269 1806 arbitrium
299 1765 370 1806 taam
399 1771 539 1821 omaparas;
564 1757 634 1805 colis
668 1757 785 1820 Caecius,
800 1757 914 1806 Caeciae.
939 1753 1048 1820 QuIshic
1064 1755 1166 1803 Maecius

93 1826 95 1831 ³
135 1850 217 1890 catera
237 1851 310 1891 erant
329 1859 359 1891 ca
369 1842 548 1907 perpetienda,
573 1857 634 1906 qaae
666 1843 756 1905 suerit,
772 1858 841 1891 nemo
853 1841 925 1890 facile
934 1858 976 1906 pro
985 1849 1104 1904 comperto
1113 1856 1167 1888 nar·

135 1930 179 1992 Sp,
203 1930 317 1977 Maecius
335 1929 500 1993 probavisset.
525 1928 591 1992 Quod
613 1929 634 1978 si
665 1928 763 1977 raverit.
777 1929 845 1976 Facio
862 1943 915 1976 eum
932 1926 1054 1989 Bentleio,
1072 1935 1097 1974 et
1112 1925 1167 1974 aliis
1189 1928 1192 1935 '

135 2014 170 2062 ita
187 2023 236 2077 est,
251 2024 344 2079 oportet
366 2024 393 2063 ut
407 2016 520 2062 Maccius
532 2013 572 2063 hle
587 2030 635 2063 non
667 2023 722 2062 ante
735 2013 884 2077 Bentleium,
900 2014 943 2078 qui
956 2011 1057 2060 eundem
1064 2020 1167 2077 putant,

135 2114 204 2147 verus
221 2108 246 2147 et
264 2100 345 2163 vivus,
370 2098 412 2148 sed
432 2100 534 2164 figurate
557 2101 634 2165 quivis
665 2115 736 2164 quem
752 2098 983 2148 nominavitCicero.
1007 2097 1035 2146 In
1051 2095 1168 2147 Scholias-

135 2184 197 2234 alins
213 2184 336 2250 legitimus
356 2193 381 2232 et
396 2187 488 2249 peritus
503 2183 577 2233 iudex
595 2200 634 2232 ac-
666 2185 712 2246 tis,
737 2200 795 2250 quos
811 2184 958 2249 accepimus,
984 2191 1112 2253 supersunt
1127 2198 1168 2231 ve·

135 2271 246 2335 cipiatur.
264 2271 356 2335 Quippe
372 2270 462 2335 scripta
478 2278 514 2318 est
532 2269 634 2334 epistola
666 2269 848 2318 tustissimorum
872 2267 1019 2316 Scholiorum
1040 2268 1169 2333 reliquiae.

135 2355 180 2404 illa
203 2355 319 2404 Ciceronis
340 2353 497 2422 quadraginta
512 2356 579 2420 prius
594 2371 635 2403 an·
667 2355 739 2403 iero:
763 2355 869 2403 »Metius
893 2352 1014 2419 (Maecius)
1039 2352 1121 2402 doctus
1142 2361 1169 2401 et

135 2443 184 2504 nis,
201 2457 272 2508 quam
285 2440 394 2490 irsbaec
407 2441 508 2506 poetica.
525 2439 634 2488 Ceterum
665 2456 760 2490 severus
775 2439 884 2504 auditor,
902 2441 945 2506 qui
956 2439 1008 2488 illis
1021 2438 1169 2505 temporibus

134 2543 207 2592 prava
227 2527 268 2576 bic
284 2528 447 2593 interpunctio
469 2525 571 2575 editores
586 2542 635 2574 om·
665 2542 771 2576 summus
794 2525 895 2576 Criticns
918 2527 994 2575 faita
1021 2525 1167 2592 Porphyriot

133 2630 176 2662 nes
189 2613 295 2680 decepit:
312 2629 446 2678 actamque
457 2620 589 2677 praecatur
604 2615 634 2660 ia
667 2613 773 2661 »Metius
796 2612 943 2678 perdiligens
967 2614 1096 2662 carminum
1118 2613 1168 2660 fuit

134 2714 233 2749 annam.
266 2700 420 2747 Machaonia
436 2699 509 2747 intas
520 2699 632 2762 positis,
665 2699 829 2747 aestimator.’'
861 2698 1033 2747 Commentator
1055 2697 1165 2763 Cruquii:

135 2784 214 2833 delere
235 2785 322 2833 tieem
346 2785 416 2842 Quod
437 2799 486 2832 aas
503 2784 613 2832 edideris
620 2804 631 2844 ‚·
665 2784 766 2846 edicte,
783 2799 825 2849 pro
844 2785 931 2833 Metic'.
957 2782 1056 2850 Spurius
1081 2784 1168 2833 Metius

135 2871 217 2918 msoit
234 2886 281 2918 coa
296 2871 375 2918 missa
390 2870 492 2917 revorti
514 2869 572 2916 Nam
588 2867 633 2917 hac
664 2868 740 2934 Tarpa
752 2870 782 2918 iis
795 2868 941 2935 temporibus
948 2869 1048 2919 Criticus
1061 2885 1166 2918 summus

136 2957 220 3021 utique
236 2953 401 3017 distinctione,
415 2952 452 3002 bis
464 2952 527 3001 idem
544 2951 633 3002 dIcitur
665 2955 728 3018 luit,
749 2953 831 3003 doctus
852 2965 877 3003 et
890 2971 986 3004 severus
1006 2953 1101 3004 auditor
1116 2971 1166 3004 car·

135 3043 162 3090 in
178 3039 260 3089 eodem
276 3041 388 3089 orationis
401 3039 461 3089 colo.
494 3037 555 3104 Quid
569 3040 632 3088 enlm
665 3040 755 3089 minum
774 3042 984 3107 aestimatorque.”
1016 3041 1084 3091 Hunc
1104 3043 1167 3091 Tar·

135 3125 202 3175 aliud
219 3135 254 3174 est
271 3126 423 3174 Memoranda
435 3125 631 3189 iatas'positis,
660 3141 722 3190 pam
741 3127 852 3175 Horatius
870 3128 918 3176 iam
937 3129 1097 3176 nominaverat
1113 3128 1166 3176 Ser·

136 3228 207 3279 quam
241 3212 311 3271 Quod
333 3227 381 3260 aas
404 3208 536 3260 edideris?
561 3211 634 3261 alter·
666 3214 764 3273 moni,
781 3225 812 3274 x,
829 3214 871 3263 88.
886 3215 1000 3279 buccege
1013 3215 1082 3279 lado,
1098 3216 1167 3274 Qaac

135 3307 217 3347 utrum
238 3299 370 3347 sententiae
389 3297 520 3361 satisfacit,
542 3308 634 3347 utrum·
665 3312 740 3362 eeqcce
758 3299 788 3345 ia
809 3299 868 3347 aede
883 3308 971 3348 sonam
985 3302 1111 3350 certantia
1126 3303 1168 3350 ia-

136 3400 183 3449 que
199 3393 282 3434 onerat
300 3383 444 3449 polluitque.
476 3383 511 3431 'l'u
529 3399 584 3432 vcro
600 3385 634 3433 sic
667 3384 720 3431 dice
737 3385 826 3448 Tarpa.
860 3384 905 3434 Ubi
920 3387 946 3434 iu
959 3385 1054 3436 Scholio
1070 3386 1167 3436 beronis

136 3470 207 3520 tolles
223 3469 284 3520 banc
305 3468 436 3531 maculam,
458 3485 532 3534 pausa
551 3470 637 3519 immu-
669 3468 782 3535 legimus:
810 3471 928 3537 »Tarpam
950 3471 1053 3520 iudicem
1073 3471 1166 3535 voluit,

138 3565 201 3604 tata:
227 3558 257 3604 ia
284 3553 368 3604 Macci
387 3555 518 3603 descendat
542 3556 637 3604 indicis
669 3556 732 3622 quod
753 3556 852 3623 probare
870 3559 1041 3621 consuevisset,
1062 3556 1167 3623 quaead

137 3656 222 3705 acres,
245 3644 282 3690 Et
299 3645 388 3707 patris
409 3650 435 3690 et
460 3648 574 3702 eostras5
596 3657 638 3690 ao-
669 3642 1167 3708 scenamdeserendaessent.”Quaeomnia

137 3742 242 3790 eamque
260 3738 392 3792 prensatur
403 3730 434 3777 ia
453 3743 544 3776 aarum
558 3729 634 3776 Meas·
666 3732 755 3795 optime
775 3732 917 3779 conveniunt
935 3746 989 3778 cum
1005 3728 1056 3777 loco
1077 3729 1166 3777 Cicero·

139 3814 224 3861 braais
233 3815 305 3862 intus
316 3817 420 3878 positis.
434 3817 522 3863 Debere
536 3815 634 3877 licebit,
668 3817 712 3866 nis.
747 3817 804 3865 Nam
816 3827 841 3865 et
854 3816 932 3864 Cicero
949 3814 1056 3880 loquitur
1071 3814 1100 3863 de
1117 3831 1167 3862 car·

140 3899 209 3957 Quod
223 3915 271 3947 eoa
284 3900 406 3948 edideris:
422 3903 502 3948 nescit
519 3916 564 3948 aaa
574 3902 634 3948 mis·
667 3900 771 3950 minibus
783 3904 810 3950 in
823 3918 893 3949 scena
906 3902 1019 3963 cantatis,
1032 3917 1110 3967 neque
1124 3899 1167 3949 bo·

138 4001 167 4033 sa
182 3987 285 4034 reverti.
303 3985 461 4034 BENIIAEIVS.
668 3988 764 4036 norifice
784 3986 813 4035 de
830 3987 870 4052 Sp.
887 3988 975 4034 Maecio
996 3988 1077 4036 sentit.
1110 3988 1166 4036 Erat

171 4071 274 4122 librarii
290 4073 385 4122 nomina
406 4073 484 4121 Matii
501 4081 524 4120 ct
542 4074 637 4122 Marcii
669 4076 779 4124 nimirum
809 4074 910 4124 Maecius
936 4083 986 4123 tum
1014 4058 1163 4135 adolescens,
