2752 4844
527 408 588 472 su
618 407 836 472 meatus
1031 496 1036 513 Ο
1164 398 1189 470 θ’

212 616 356 692 Maxima
368 632 447 709 pars
458 617 594 702 vatum,
613 619 730 707 pater,
751 619 786 682 et
797 611 932 683 iuvenes
944 616 1041 707 patre
1052 607 1161 714 digni,

212 734 409 829 Decipimur
433 731 542 826 specie
564 732 664 815 recti:
687 729 797 840 brevis
820 753 892 803 esse
917 728 1055 819 laboro,

214 854 388 926 Obscurus
411 849 478 920 fio:
502 855 682 920 sectantem
706 847 792 919 levia
815 849 908 920 nervi

184 1102 210 1143 et
225 1089 405 1164 immodulatum
418 1089 498 1140 reddit
510 1105 611 1138 versum.
628 1089 675 1154 Ego
707 1087 766 1138 adeo
788 1105 836 1138 non
858 1086 965 1151 studuit,
989 1097 1018 1137 ut
1041 1104 1092 1139 eam
1116 1092 1196 1157 potius

184 1193 239 1226 vero
253 1194 282 1227 ex
298 1174 375 1225 tribus
390 1177 489 1239 nostris,
513 1175 565 1240 teg.
582 1175 633 1223 Bat.
651 1183 676 1222 et
707 1173 811 1240 prudens
823 1172 955 1240 neglexisse
967 1173 1089 1239 videatur,
1107 1193 1155 1243 quo
1170 1185 1196 1226 et
1288 1236 1290 1243 s

157 1275 158 1280 ’
183 1267 267 1314 ldoreti
274 1263 395 1327 Codice,et
404 1279 432 1312 ex
438 1278 485 1310 uno
493 1260 580 1317 hchill.
589 1259 669 1322 Statii,
702 1261 818 1326 Epistulae
833 1271 857 1308 et
869 1261 990 1310 Sermones
997 1280 1086 1328 prosae.
1095 1265 1197 1314 orationi

184 1353 336 1402 certissimam
359 1349 406 1398 tibi
425 1349 550 1397 lectionem
571 1364 668 1413 promo;
703 1349 774 1396 etiam
789 1350 815 1396 in
828 1359 903 1398 metro
916 1361 993 1399 essent
1003 1351 1196 1414 similiores,sic·

184 1456 244 1505 quae
263 1438 303 1487 vel
327 1438 377 1485 sine
391 1452 434 1501 ope
447 1431 635 1482 membranarum
652 1441 676 1480 et
708 1436 746 1482 uti
768 1436 794 1482 iu
815 1434 919 1484 dictione
935 1446 990 1485 sunt
1006 1437 1130 1488 simillimi.
1151 1438 1198 1486 Ho-

183 1524 256 1573 facile
278 1522 380 1571 inveniri
397 1527 505 1587 poterat,
533 1527 557 1565 et
582 1517 678 1566 admitti
709 1521 784 1568 ratius
806 1537 854 1570 uon
875 1522 954 1588 pergit
974 1521 1000 1570 iu
1023 1521 1199 1588 similitudine,

184 1609 335 1660 merebatur:
360 1608 475 1670 amphora
497 1607 578 1668 eoepit
597 1605 677 1652 rmri·
707 1603 750 1651 sed
769 1604 866 1670 longum
882 1619 1034 1675 praeceptum
1050 1609 1095 1660 hoc
1110 1627 1197 1675 versu,

184 1699 237 1758 tui,
251 1701 364 1744 currente
380 1698 435 1740 rata
453 1684 678 1738 carancensem't?
709 1705 756 1755 quo
780 1684 870 1741 summa
893 1696 967 1743 totius
982 1699 1131 1762 continetur,
1155 1697 1198 1748 ab·

183 1783 295 1844 Denique
320 1780 358 1827 sit
389 1777 537 1840 QVIDVIS,
569 1776 676 1839 simplem
706 1775 785 1826 solvit.
801 1777 877 1827 Multa
884 1796 1038 1845 praecessere.
1056 1784 1109 1832 Post
1122 1783 1199 1834 multa

185 1869 354 1916 dominanter
370 1878 453 1911 anam.
477 1863 556 1927 Pergit
572 1863 598 1909 iu
614 1861 678 1908 simi·
709 1872 773 1910 recte
790 1862 942 1930 subiungitur
957 1867 1073 1932 denimm,
1089 1868 1135 1917 hoe
1148 1877 1199 1934 est,

154 2018 157 2026 .
184 1953 303 2004 litudine:
326 1950 461 2016 amphoram
482 1951 610 2016 incepisti,
635 1964 677 1996 cur
708 1956 739 1996 at
761 1965 812 1998 rem
835 1953 864 1999 in
880 1963 962 2016 panca
984 1956 1143 2018 contraham,
1168 1961 1199 2003 at

183 2059 230 2091 non
250 2038 362 2104 amphora
378 2039 440 2098 exit;
463 2037 504 2086 sed
520 2040 607 2103 partim
622 2053 671 2085 am-
685 2070 688 2076 ·
702 2039 772 2087 aerbo
795 2039 883 2090 dicam.
918 2039 967 2087 lam
991 2041 1052 2090 mihi
1077 2039 1199 2093 considera

185 2129 271 2196 phora,
285 2124 482 2192 partimurcensi’
498 2122 677 2188 deniqueqnid·
708 2140 739 2173 an
762 2127 808 2174 ista
828 2125 889 2178 bene
912 2131 995 2182 Latine
1019 2137 1197 2200 concipiantur:

184 2220 226 2266 ais
246 2219 295 2277 sit,
320 2212 431 2278 amphora
452 2209 490 2257 vel
515 2225 613 2270 urceus,
637 2208 677 2255 vel
709 2225 753 2256 cnr
770 2214 869 2273 partim
889 2219 1016 2280 amphora,
1034 2222 1133 2283 partim
1155 2234 1199 2268 ass·

186 2301 248 2351 obba
263 2300 302 2349 vel
321 2297 409 2358 cadus,
425 2293 464 2342 vel
481 2291 583 2349 dolium;
610 2290 678 2339 modo
711 2308 767 2341 oens
791 2295 866 2344 enit?
895 2301 997 2364 deniqne
1020 2304 1121 2366 quidvis
1143 2305 1197 2367 sit,

81 2384 94 2394 ’
187 2405 261 2438 uuum
282 2389 314 2436 sit
336 2394 360 2432 et
381 2379 490 2446 simplex.
519 2376 677 2425 BENTLEllS.
710 2380 776 2428 modo
788 2383 826 2429 sit
840 2400 922 2435 anam.
947 2387 1069 2436 Bentleius
1084 2390 1134 2455 ipse
1148 2407 1200 2438 sen·

217 2471 335 2539 Quomodo
351 2473 398 2519 iam
413 2477 505 2517 veteres
518 2459 582 2512 hunc
597 2463 675 2511 locum
707 2465 739 2513 sit
762 2467 833 2532 plura
853 2473 928 2538 prius
942 2475 1049 2538 requiri,
1072 2492 1142 2541 quam
1161 2492 1201 2524 ω,

187 2562 339 2627 acceperint,
369 2557 458 2622 optime
491 2549 616 2617 apparebit
649 2566 678 2599 ex
710 2568 763 2600 rum
780 2558 924 2611 enumeratio
945 2575 988 2624 per
1004 2558 1144 2608 vocabulum
1160 2561 1200 2610 de·

184 2647 278 2696 Scholia
308 2640 499 2692 commentatoris
535 2637 674 2702 Cruquiani:
707 2639 781 2702 niqae
803 2640 914 2690 finiatur:
939 2654 1064 2708 propterea
1080 2647 1105 2693 in
1123 2647 1200 2712 expli·

184 2747 348 2799 quamcunque
371 2729 503 2777 materiam
526 2727 582 2788 nis,
606 2740 675 2772 assa·
707 2727 799 2775 catione
831 2727 922 2778 addidit
947 2731 1043 2793 olbam,
1072 2732 1157 2781 cadam
1173 2743 1199 2781 et

185 2838 237 2882 me;
259 2823 300 2868 ita
325 2827 405 2867 tomen
420 2824 451 2864 at
466 2816 608 2863 emtinaam
624 2828 677 2860 oar·
708 2812 807 2862 datiam.
829 2814 887 2862 Tum
910 2816 974 2865 illud
995 2818 1095 2882 quidvis
1116 2819 1199 2869 obscu-

185 2923 240 2955 men
265 2919 406 2968 omnponos,
435 2917 479 2950 nec
504 2903 677 2949 intermisceas
708 2917 761 2949 rum
776 2898 872 2962 iudico,
890 2901 986 2968 eiusque
1002 2904 1199 2968 significationem

185 2993 367 3052 mediocrene,
389 2987 432 3036 sed
451 2988 556 3050 simplem
571 2987 610 3034 sit
624 3000 678 3034 aar·
709 2985 803 3034 tandem
830 2984 907 3034 redire
934 2986 1029 3051 eodem,
1064 3005 1111 3054 quo
1135 2990 1198 3040 redit

184 3093 254 3138 men5
275 3077 305 3125 id
324 3082 376 3136 est,
400 3079 496 3136 comitae
516 3071 636 3118 materiae
652 3077 677 3116 er
709 3074 771 3136 qaod
793 3073 840 3121 ais.
872 3072 982 3123 llorutius
1002 3074 1047 3124 hoc
1063 3079 1143 3142 potius
1163 3081 1198 3129 sie

184 3164 289 3213 amdam
309 3163 405 3223 finitae
433 3174 481 3206 non
507 3158 576 3205 debes
598 3157 676 3204 aliam
708 3160 844 3209 extulisset:
862 3162 894 3208 sit
909 3159 1038 3226 amphora,
1054 3163 1086 3210 sit
1099 3179 1197 3228 urceus,

184 3251 287 3314 iungere
301 3263 349 3312 per
360 3247 568 3310 compilationem,
584 3243 628 3290 sed
643 3249 677 3292 te·
709 3248 754 3308 sit,
776 3245 932 3313 quodeunque
955 3247 1030 3310 velis,
1056 3249 1087 3297 sit
1103 3249 1198 3315 quidvis

184 3352 266 3386 morena
288 3344 397 3402 coeptam
417 3339 471 3386 sine
492 3335 675 3398 interruptione
707 3331 786 3395 aliud,
803 3331 919 3397 laudabo,
935 3332 1035 3383 simodo
1049 3337 1080 3385 sit
1095 3335 1197 3403 simplex

184 3439 290 3472 encore.
325 3424 402 3490 Atque
431 3427 477 3475 ista
511 3423 676 3489 interpretatio
709 3426 733 3466 et
754 3434 835 3467 unum.
864 3418 892 3465 In
918 3416 963 3466 hac
986 3421 1049 3468 enim
1078 3424 1196 3472 sententia

184 3508 254 3574 plane
276 3510 401 3577 respondet
425 3511 504 3560 verbis
524 3510 671 3559 Horatianis:
706 3505 820 3567 tardato,
832 3506 930 3568 placere
938 3511 1036 3569 potest,
1052 3505 1195 3572 velsimile,

185 3595 303 3660 danique,
330 3597 392 3660 qaod
423 3599 479 3659 nis,
508 3598 547 3645 sit
570 3596 675 3659 simplem
707 3589 786 3638 deesse
798 3606 845 3637 non
858 3598 946 3655 potest‚·
964 3606 1012 3638 non
1024 3593 1110 3657 magis,
1124 3608 1195 3657 quam

184 3681 314 3732 dsamtorot
338 3692 364 3734 et
391 3702 474 3734 anam.
510 3682 572 3748 Quid
595 3684 621 3731 in
645 3696 673 3728 es
704 3679 730 3726 in
766 3678 871 3740 simplae
902 3677 1033 3724 densarat
1064 3684 1089 3725 et
1119 3695 1195 3728 anam

184 3767 287 3819 lectione
311 3774 343 3820 sit
375 3771 475 3839 frigidi,
508 3769 567 3836 quid
598 3766 671 3817 ambi·
703 3762 782 3812 deesse
799 3771 877 3828 potest
892 3760 990 3810 verbum
1005 3764 1051 3811 eit.
1117 3810 1120 3814 .

184 3855 244 3919 gui,
260 3871 307 3904 nou
322 3856 404 3922 video,
421 3876 498 3926 neque
516 3856 578 3907 illud
593 3859 674 3905 immo-
739 3851 878 3898 Sectantem
894 3851 960 3897 levia
975 3849 1047 3897 nerei
1066 3853 1195 3915 Deficiunt

183 3939 292 3990 dolatum
308 3945 398 3999 sentio.
423 3945 459 3995 Sit
481 3957 560 3996 autem
580 3941 673 4011 aliquid
704 3939 835 4001 animique.
873 3936 948 3987 Codex
979 3934 1079 3984 Achillis
1106 3937 1194 4004 Statii,

182 4027 260 4075 minus
275 4036 400 4089 sonorum}
418 4032 529 4082 Horatius
544 4034 569 4080 in
585 4033 675 4096 Episto·
706 4036 798 4078 mutata
826 4023 940 4086 literula,
969 4031 1103 4074 sectantem
1127 4027 1194 4074 lenio

180 4111 212 4162 lis
228 4122 253 4162 st
268 4113 419 4166 sermonibus
434 4119 547 4168 suavitati
562 4117 674 4167 metricae
706 4113 779 4164 nerei
803 4111 930 4172 Deficiunt
952 4109 1084 4174 animique.
1114 4109 1193 4160 Utrum
