2752 4844
219 381 259 441 90
483 380 695 442 llOliATII
727 381 971 441 srisrosl

240 581 349 653 Multa
373 582 564 655 recedentes
589 582 751 652 adimunt.
788 584 836 652 Ne
861 582 947 653 forte
973 582 1094 653 seniles

209 807 332 871 prolerre:
347 805 405 872 quId
417 809 480 855 euim
490 805 585 855 obsecro
594 807 647 855 estl’
659 808 706 855 or·-
739 816 807 856 meto
822 810 885 855 orote
902 809 987 869 halet,
1001 809 1117 870 cerisque
1125 807 1240 872 fatigat.

208 893 288 954 lotor,
313 908 355 955 spe
377 894 476 955 lentore,
501 895 584 955 iners,
606 893 706 940 ooo'dos·
738 892 803 941 Ovid.
817 894 910 943 Metam.
924 894 968 955 Il,
992 895 1047 942 137.
1060 909 1090 941 oe
1103 895 1241 941 sissecoro

208 992 254 1039 qne
262 978 361 1038 futuri.
375 979 519 1043 Interpretes
536 977 646 1044 quidem,
661 987 709 1026 tam
738 979 833 1035 sutori.
853 979 899 1041 IX,
923 981 979 1028 42³.
1017 980 1130 1026 Venerem
1151 995 1241 1043 qnoque

207 1072 300 1110 ueteres
323 1080 392 1128 quarn
416 1065 484 1125 novi,
495 1064 588 1124 fetori
607 1064 708 1111 avidum
740 1080 800 1111 euro
811 1065 904 1124 sotori
926 1068 1031 1130 Tangit.
1055 1075 1079 1113 et
1095 1066 1165 1128 XIII,
1182 1067 1238 1114 363.
1304 1079 1308 1091 ·

207 1151 270 1197 vitae
296 1148 409 1215 cupidum
433 1150 568 1214 acciplunt,
593 1158 622 1196 ut
642 1149 706 1197 idem
740 1153 779 1198 To
800 1153 867 1198 vires
886 1152 941 1198 sine
961 1159 1043 1199 mente
1063 1153 1151 1216 gerim
1175 1153 1241 1200 mitt

173 1277 174 1281 ,
207 1235 253 1298 sit,
276 1234 339 1301 quod
354 1234 492 1282 Aristoteles
505 1233 612 1297 dixerat,
630 1233 707 1292 φιλό-
738 1252 798 1284 coro
806 1237 899 1297 sotori
911 1244 957 1285 est.
979 1237 1063 1286 Noster
1081 1238 1155 1287 Serm.
1171 1240 1197 1301 I,
1216 1241 1250 1286 1.’

207 1324 282 1384 goos,
303 1320 349 1368 καὶ
367 1319 484 1379 μάλιστα
501 1319 546 1367 ἐπὶ
560 1326 595 1384 τῇ
608 1319 706 1370 orisv-
738 1322 804 1368 huod
814 1324 906 1386 ignoro
919 1338 948 1370 oo
961 1338 1009 1371 noro
1024 1324 1129 1371 incanto
1139 1324 1239 1385 fetori.

207 1408 275 1469 ταίᾳ
292 1406 394 1472 ἡμέρᾳ,
420 1421 490 1454 serios
505 1407 573 1453 vitoe
591 1414 706 1470 appeten·
738 1406 818 1454 Omnia
834 1405 910 1470 haee,
925 1417 953 1455 ut
973 1407 1052 1472 rides,
1069 1407 1099 1456 ad
1115 1426 1196 1457 curam
1214 1419 1238 1458 et

209 1500 261 1555 ter,
279 1501 305 1540 et
316 1494 468 1556 praesertim
483 1493 527 1539 suo
543 1494 703 1555 snpreonovo'·
736 1502 826 1541 metum
835 1494 913 1541 futuri
921 1504 1038 1558 spectant.
1053 1495 1165 1542 Pavidos
1183 1512 1239 1560 ergo
1298 1523 1303 1536 ι

209 1587 250 1626 too
273 1579 329 1626 die:
355 1587 426 1650 atque
444 1577 490 1625 hoc
507 1577 570 1626 dicto
587 1576 660 1642 probe
684 1587 709 1626 et
732 1579 842 1641 futuri,
859 1578 884 1626 id
908 1581 999 1644 ipsum,
1025 1579 1087 1645 quod
1099 1580 1240 1628 Aristoteles

214 1666 309 1730 egregie
330 1681 381 1712 rem
398 1664 540 1728 explicuisse
553 1681 577 1711 se
595 1663 711 1713 arbitran-
744 1663 772 1713 de
786 1663 882 1713 senibus
896 1665 983 1728 tradit,
1002 1665 1089 1716 δειλοὶ
1107 1667 1153 1714 καὶ
1167 1668 1239 1715 πάν-

208 1759 256 1798 tur.
274 1751 361 1816 Atqui,
378 1767 392 1797 o
409 1748 479 1812 boni,
501 1748 565 1797 unde
586 1749 654 1798 nohis
662 1751 708 1812 sn-
740 1768 777 1798 τα
790 1753 1002 1818 προφοβητνκοὶ,
1019 1754 1160 1801 meticulosi
1171 1761 1198 1800 et
1210 1755 1240 1802 do

210 1837 265 1883 tori
285 1834 383 1900 perinde
409 1835 455 1882 erit
476 1852 503 1883 ac
528 1833 619 1883 oo'too?
640 1836 706 1884 Certe
740 1838 850 1884 monibus
866 1838 971 1898 sotoris
982 1847 1112 1902 paventes.
1136 1838 1239 1887 Attende

209 1923 252 1986 qui
267 1923 357 1970 avidos
364 1922 456 1982 sotori
472 1930 522 1982 est,
540 1930 564 1968 et
581 1920 631 1969 odit
640 1938 707 1986 prae·
739 1931 836 1984 autem,
861 1932 889 1970 ut
911 1923 1012 1988 pulchre
1028 1926 1076 1972 iam
1098 1928 1176 1973 omnia
1192 1924 1240 1973 sibi

209 2000 298 2069 sentia,
317 2016 341 2055 et
354 2017 433 2072 sperat
446 2008 471 2054 in
487 2016 607 2070 posterum
624 2006 706 2054 melio·
738 2009 897 2070 conveniant,
915 2017 939 2056 et
956 2008 1038 2057 eodem
1050 2010 1184 2058 eolliment:
1201 2012 1240 2059 di-

208 2110 244 2143 ra.
261 2095 296 2141 An
311 2095 387 2158 igitur
402 2108 513 2157 supremo
528 2093 570 2139 dio
585 2109 656 2140 senex
671 2103 706 2140 est
739 2094 820 2155 lotor,
854 2095 937 2142 lentos
960 2111 1015 2159 cpe,
1045 2098 1131 2159 inere,
1147 2097 1240 2156 fictori

209 2180 346 2227 futurorum
359 2177 476 2244 cupidus,
495 2195 547 2226 rum
563 2192 624 2226 mors
639 2177 705 2226 adest
732 2180 857 2242 pavidos:
875 2197 960 2246 nempe
977 2180 1018 2229 hie
1038 2181 1126 2243 hahes,
1144 2178 1241 2230 eunetass

210 2265 381 2330 praeforibus,
399 2275 422 2312 et
431 2267 525 2312 ianuam
534 2264 634 2330 pulsat?
650 2279 707 2329 quo·
740 2266 843 2328 tionem,
863 2267 1002 2331 segnitiem,
1018 2267 1184 2331 timiditatem,
1199 2268 1239 2316 de·

140 2380 143 2389 ·
209 2351 277 2399 modo
293 2353 370 2416 igitur
383 2346 528 2413 φιλόζωος.)
552 2366 581 2397 an
599 2348 653 2397 idco
670 2350 708 2397 Iu·
741 2353 916 2415 sperationem,
941 2355 1074 2418 propinqua
1099 2363 1123 2401 et
1140 2364 1239 2419 cognata

209 2439 258 2485 turi
284 2435 400 2500 cupidus,
418 2436 474 2499 quia
496 2436 597 2481 crastina
613 2451 705 2498 semper
737 2437 804 2484 vitia.
829 2436 859 2483 At
878 2439 914 2484 ita
930 2453 1000 2501 quam
1021 2436 1165 2485 incommode
1183 2456 1238 2487 eon-

135 2567 146 2582 „
208 2523 307 2569 meliora
323 2521 423 2584 sperat?
436 2518 550 2583 quomodo
566 2535 620 2583 ergo
639 2519 708 2569 dalo-
739 2523 887 2585 iunguntur,
903 2523 973 2570 inere
987 2531 1011 2569 ct
1027 2520 1138 2570 avidior?
1162 2523 1240 2589 Siqui-

205 2602 304 2663 -ελντιςῖ
328 2606 391 2653 Haec
412 2608 494 2670 inepta
510 2613 565 2652 sunt
587 2614 612 2653 et
635 2605 706 2670 plane
739 2605 793 2654 <lem
814 2607 899 2656 inertis
923 2617 975 2669 est,
991 2607 1054 2656 nihil
1077 2625 1172 2674 cupere.
1198 2611 1240 2658 Po-

207 2693 357 2742 olorloroco.
380 2693 427 2756 Ego
448 2707 503 2739 vero
519 2692 566 2738 iam
582 2691 639 2739 olim
655 2692 705 2740 vidi
737 2701 823 2739 stremo
839 2694 905 2757 ipsa,
925 2695 953 2742 ni
974 2693 1061 2758 fallor,
1078 2694 1151 2745 dictio
1167 2713 1181 2744 a
1198 2714 1240 2745 na-

210 2779 351 2846 legendum:
385 2779 503 2840 Dilotor,
536 2793 578 2842 spe
611 2779 707 2840 motos,
741 2787 795 2826 tura
812 2787 836 2826 et
858 2795 927 2827 sensu
943 2778 1064 2829 abhorret.
1088 2782 1240 2844 Aoidoefis·

206 2866 288 2928 iners,
300 2861 559 2930 pavidusqiie'fiitort.
582 2873 664 2928 postea
679 2865 705 2912 in
739 2871 850 2913 tororum
877 2867 975 2914 fortasse
1001 2865 1049 2915 diei
1073 2878 1164 2932 potest,
1197 2871 1240 2934 qni

208 2954 295 3002 eximio
303 2952 385 3000 Codice
393 2951 519 3017 Reginensi
530 2950 624 2997 literam
635 2967 706 2998 unam
737 2967 817 2999 rerum
846 2968 959 3000 novarum
993 2952 1092 3018 cupidus
1123 2964 1174 3017 est,
1201 2956 1240 3002 eui

143 3036 146 3040 ⁴
208 3038 363 3088 animadverti
394 3047 449 3086 ante
479 3038 510 3085 τὸ
544 3037 632 3083 avidos
657 3038 704 3084 iarn
738 3039 872 3102 praesentia
890 3037 1017 3103 displicent
1041 3049 1083 3087 aut
1102 3042 1127 3088 in
1144 3040 1239 3088 fastidio

209 3141 298 3173 erasnm
310 3141 372 3182 esse3
390 3139 450 3189 qnae
466 3121 589 3170 nullaalio
602 3130 707 3187 praeter·
739 3133 810 3170 sunt:
825 3133 850 3171 at
866 3125 955 3171 avidos
967 3125 1059 3185 sotori
1068 3161 1074 3186 ,
1091 3124 1134 3174 ubi
1152 3133 1239 3189 tempo-

207 3226 278 3276 quam
294 3227 314 3273 p
339 3226 388 3257 esse
409 3210 497 3274 potuit.
522 3209 605 3256 Noster
628 3207 701 3257 Serm.
735 3210 787 3272 νίν,
813 3211 907 3273 opinor,
933 3210 1092 3273 subauditur,
1108 3229 1176 3259 nemo
1192 3211 1235 3258 ho-

207 3297 244 3358 ll,
261 3309 293 3358 11,
311 3297 366 3344 110.
390 3296 431 3343 Ao
445 3297 489 3361 qni
503 3302 633 3343 contentos
643 3310 704 3358 por·
737 3295 827 3342 minum
844 3305 886 3342 aut
899 3297 948 3344 fuit
965 3307 1007 3345 ant
1024 3297 1101 3345 dictus
1118 3306 1161 3344 est.
1172 3297 1239 3360 Quod

207 3398 251 3445 vo,
267 3391 423 3444 onetncoeqoe
432 3381 539 3444 sotori,
555 3382 587 3428 In
599 3395 659 3444 pore
675 3386 706 3428 ot
737 3381 759 3428 si
779 3378 843 3427 idem
865 3397 913 3428 esse
930 3383 1022 3442 sirtori
1045 3369 1237 3442 adfuturorum

207 3471 322 3534 sopiens,
336 3468 536 3532 optordtidoneo
552 3467 620 3515 tollo.
634 3467 709 3514 Euan·
742 3457 903 3525 contenderis;
927 3478 952 3516 at
972 3486 1019 3516 non
1043 3471 1128 3516 aetatis
1144 3468 1238 3517 demum

208 3555 251 3604 der
275 3572 347 3604 senex
369 3551 432 3618 apud
455 3552 538 3617 virgit.
560 3552 626 3615 lllll,
650 3554 706 3600 680.
740 3550 766 3599 id
786 3553 872 3600 vitium
902 3555 962 3616 erit,
986 3571 1067 3602 verum
1087 3554 1174 3603 indolis
1195 3566 1238 3604 aut

206 3645 273 3691 Doro
303 3655 376 3689 corae
404 3639 548 3703 ambiguae,
573 3639 630 3686 dnm
654 3653 709 3702 spos
742 3637 896 3688 conditionis:
926 3656 1003 3704 neque
1029 3637 1125 3687 senibus
1149 3644 1236 3707 magis,

206 3730 304 3776 incerto
317 3726 417 3789 sotori.
439 3725 563 3773 Lueretius
583 3725 630 3787 ΙΙΙ,
647 3725 703 3773 847.
737 3725 784 3771 imo
816 3727 893 3772 minus
919 3727 1055 3786 conveniet,
1082 3741 1152 3791 quam
1177 3738 1237 3776 natu

209 3814 238 3862 de
261 3815 345 3862 lnima
368 3813 479 3878 loquens:
513 3811 617 3858 Praeter
641 3811 706 3858 onim
739 3806 876 3858 minoribus.
893 3809 1052 3859 BENTLEIVS.

208 3915 280 3962 quom
311 3901 373 3964 qnod
400 3898 491 3969 mortis
520 3912 574 3944 com
597 3897 706 3960 corporis
769 3896 873 3944 Fortasse
894 3897 982 3944 avidos
990 3897 1083 3957 sotori
1099 3914 1170 3947 senex
1188 3906 1236 3947 etse

208 3994 308 4050 osgrct,
333 3987 441 4034 Advenit
454 3986 498 4046 id,
523 3968 657 4047 quodnam
678 3983 706 4029 de
739 3992 817 4046 potest
849 3985 891 4047 qui
912 3999 1032 4048 nunqnam
1055 3983 1149 4046 laudat,
1175 3984 1237 4049 quod

208 4072 280 4124 rebor
295 4088 366 4135 coepe
375 4072 613 4132 suturisMocerot,
631 4070 704 4132 inque
736 4066 816 4130 adest,
831 4068 863 4116 τὸ
878 4069 979 4135 παρὸν,
989 4067 1030 4116 sed
1043 4079 1188 4133 praesentem
1200 4087 1235 4116 re-
