2752 4844
221 410 259 470 78
486 406 699 466 ΗΟΗΑΤΙΙ
730 406 975 466 EPISTOLA

250 611 318 680 Nec
342 609 486 679 reditum
514 605 683 677 Diomedis
704 605 748 675 ab
769 585 906 677 interitu
931 607 1108 701 Meleagri,

218 833 285 898 plum
301 832 428 881 lucramur.
446 832 474 879 ln
490 831 550 879 uss,
567 830 635 879 nulla
650 829 716 879 vide-
748 829 827 897 adytis
840 829 929 879 Phoebi
946 833 1081 897 profectum
1098 833 1136 880 sit.
1152 830 1189 878 Ita
1209 847 1251 878 er-

217 928 258 966 tur
275 935 323 966 esse
344 920 453 967 varietas.
476 918 521 965 Fea
536 915 599 965 nihil
615 918 715 964 notavit.
748 933 813 963 rores
826 917 852 964 in
873 915 911 964 his
930 916 1054 965 literarum
1068 916 1153 965 studiis
1166 933 1250 982 propa-

216 1003 339 1052 Leidensia
350 1013 429 1052 nostra
445 1002 475 1051 ad
491 1019 565 1050 unum
581 1005 659 1050 omnia
674 1000 716 1050 ha·
750 1012 845 1066 gantur.
862 1002 984 1050 Bentleius
991 1004 1061 1050 istam
1075 1004 1251 1050 annotationem

217 1088 276 1138 bent
286 1091 445 1154 Scyllamque.
463 1089 571 1137 Ceterum
585 1090 669 1151 Scylla
676 1087 717 1136 hic
750 1105 905 1152 componens,
919 1105 968 1136 aaa
975 1091 1123 1137 meaulnerat
1137 1088 1250 1153 exempli.

216 1155 264 1225 sion
295 1175 354 1224 adeo
379 1193 393 1224 a
422 1173 539 1241 Charybdi
564 1173 715 1239 disiungitur.
748 1173 857 1222 Habebat
874 1175 986 1222 nimirum
1006 1173 1068 1223 hane
1088 1175 1112 1222 in
1129 1172 1251 1222 veteribus

217 1263 310 1327 Corrige
336 1263 565 1326 interpunctionem:
593 1259 718 1324 Antipha-
750 1260 937 1325 interpretandis
969 1259 1179 1323 consuetudinem,
1205 1269 1250 1322 ut,

218 1356 278 1410 teo,
292 1349 459 1410 Scyllamque,
477 1354 519 1407 et,
536 1362 590 1394 mem
600 1346 717 1409 Cyclope,
750 1347 793 1410 qui
809 1356 859 1394 tarn
875 1356 972 1394 acutum
981 1356 1088 1395 cerneret
1100 1362 1171 1411 quam
1184 1346 1251 1411 aqui·

118 1471 121 1477 .
219 1434 366 1498 Charybdin.
384 1433 454 1496 Quasi
470 1432 590 1497 legeretur
603 1430 718 1496 Antipha·
750 1431 788 1495 la,
807 1432 893 1484 uitium
909 1431 1006 1498 aliquod
1019 1433 1100 1480 statim
1120 1431 1252 1496 deprehen·

219 1530 274 1583 ten,
288 1519 438 1586 Scyllamque
455 1528 480 1566 et
495 1516 645 1584 Charybdin,
663 1534 717 1565 cum
750 1517 830 1577 deret;
849 1517 995 1582 deprehenso
1008 1519 1091 1567 statim
1099 1527 1206 1582 paratam
1215 1518 1252 1566 la-

218 1605 329 1672 Cyclope;
348 1604 393 1653 hoc
407 1613 443 1652 est
455 1605 607 1668 Scyllamque
620 1611 646 1651 et
657 1604 718 1652 Clea-
751 1614 816 1652 cerct
832 1603 981 1653 medicinam.
1009 1606 1042 1652 De
1060 1603 1167 1652 utilitate
1185 1613 1210 1650 et
1226 1605 1252 1650 vi

218 1692 343 1756 rylds'aet
360 1691 492 1755 Cyclopem.
750 1688 882 1738 medicinae
907 1700 989 1754 postea
1015 1688 1151 1755 cogitabat,
1176 1705 1251 1754 quum

248 1778 302 1826 Nee
325 1778 436 1824 reditum
456 1778 586 1825 Diornedis
606 1777 636 1824 al
651 1777 717 1823 inte-
748 1777 797 1824 iarn
806 1774 962 1824 adhibuisset.
979 1776 1110 1824 Caedimus
1117 1776 1251 1837 arbes,ia·

216 1865 273 1912 sita
293 1864 426 1928 Meleagri.
453 1863 537 1911 Poetae
562 1861 650 1927 Cyclii,
675 1863 718 1926 qut
750 1862 833 1922 aulas,
855 1869 964 1923 cometes,
981 1861 1050 1921 loca,
1073 1876 1133 1925 qnae
1149 1859 1188 1909 vel
1203 1861 1251 1925 ipsi

217 1945 715 2012 Nboaooccomposuerunt,lliomedisnon
748 1947 819 2010 primi
845 1962 898 1994 cum
923 1946 1012 1994 colonis
1036 1944 1184 2009 habitamus,
1210 1946 1249 1994 vel

218 2033 290 2082 obliti
302 2043 364 2082 sunt.
379 2032 436 2081 lide
449 2032 600 2098 lleyniumin
614 2033 718 2078 Excursu
749 2047 824 2096 quae,
843 2032 891 2079 iam
908 2029 938 2079 ab
952 2031 1007 2079 aliis
1025 2030 1148 2094 habitata,
1165 2032 1251 2080 incolis

218 2118 249 2167 ad
263 2118 361 2168 deneid.
374 2119 421 2180 xl,
437 2118 493 2166 243.
511 2116 654 2166 Scholiastae
671 2116 716 2164 llo·
749 2132 870 2182 augemus.
895 2117 1021 2166 Suetonius
1044 2119 1071 2166 in
1086 2119 1191 2183 Augusto
1207 2119 1248 2166 98.

219 2207 309 2254 tatiani
333 2208 455 2253 nominant
486 2213 581 2268 poetam
613 2202 719 2251 intima·
750 2205 902 2269 Masgahaa,
926 2207 999 2267 quasi
1015 2205 1165 2254 conditorem
1179 2206 1250 2252 iosa-

220 2292 305 2341 chum:
327 2291 447 2357 iidemque
465 2288 497 2338 ad
520 2289 594 2337 Carm.
619 2289 662 2352 ll,
684 2303 715 2351 11,
749 2291 802 2353 lae,
821 2286 931 2356 κτέστὴν
945 2307 1030 2339 uocare
1043 2298 1183 2339 censuerat.
1196 2288 1251 2336 lel-

219 2380 267 2442 33,
289 2388 407 2427 testantur
425 2377 512 2425 lulium
534 2375 660 2423 Antonium
677 2377 717 2423 lre-
748 2377 810 2424 leius
826 2377 997 2438 Paterculusl,
1010 2381 1035 2425 2.
1055 2378 1133 2439 Tyria
1145 2379 1250 2438 clusas,

219 2467 286 2514 reice
316 2471 395 2511 rutro
421 2462 566 2511 Dioatedws
593 2461 718 2508 duodecim
748 2463 859 2509 insulam
871 2462 1045 2523 circomsesum
1060 2462 1152 2508 Oceano
1170 2462 1251 2509 Gades

221 2552 298 2615 Elaos
312 2549 447 2613 empsisse
463 2547 583 2612 egregiae.
610 2546 717 2610 Titulus,
750 2547 870 2595 condidit.
886 2547 1026 2611 Pomponius
1033 2545 1128 2608 llelal,
1137 2548 1176 2594 19.
1191 2548 1251 2595 Sin·

220 2637 248 2685 ni
263 2635 349 2698 fallor,
365 2633 583 2695 luitDimnedias,
599 2633 714 2682 utIla'as:
746 2633 790 2682 dos
805 2635 835 2680 in
845 2633 981 2681 Siodooaan
993 2634 1023 2680 al
1038 2634 1107 2697 apsis
1124 2640 1251 2681 terrarum

220 2731 246 2770 et
262 2720 326 2788 apud
338 2721 547 2768 commentatorem
555 2718 645 2784 legitur
658 2720 719 2768 Dio-
750 2719 887 2767 collaudas
903 2719 1003 2767 condita
1017 2726 1065 2768 est.
1089 2719 1122 2767 De
1136 2735 1183 2784 quo
1197 2718 1250 2768 loco

220 2809 322 2857 medeas.
338 2807 384 2855 Res
397 2805 514 2855 Diomedis
526 2807 552 2854 in
568 2804 638 2853 ltalia
651 2806 719 2854 fuere
751 2806 786 2854 sic
794 2806 880 2854 statuit
887 2805 1067 2854 Sanetocrucius
1080 2806 1106 2854 in
1115 2806 1251 2855 Novisbni·

218 2897 336 2962 cognitae.
353 2894 460 2942 ldeminit
475 2892 599 2952 Horatius,
618 2901 642 2938 et
659 2891 715 2953 alii,
749 2891 825 2942 madv.
841 2891 872 2941 ad
887 2891 1054 2959 Cyropaediam
1070 2909 1125 2959 pag.
1134 2895 1191 2942 579.
1209 2891 1249 2941 ed.

220 2982 268 3030 loci
283 2979 313 3028 ab
331 2997 358 3029 eo
376 2980 486 3041 conditi,
512 2977 657 3038 lSerml,
674 2979 715 3026 92.
748 2977 859 3028 Sohneid.
874 2995 923 3028 esse
936 2996 1037 3028 errorem
1048 2980 1249 3045 Pomponii,quia

218 3065 341 3115 Bentleius
366 3065 461 3131 quidem
477 3063 542 3113 hune
562 3078 656 3111 versum
673 3079 715 3128 pro
748 3064 851 3130 populus
862 3066 907 3116 iste
921 3082 968 3114 non
982 3065 1068 3117 habuit
1081 3069 1160 3116 arbes.
1178 3066 1249 3114 Putat

219 3154 299 3217 spurio
315 3150 397 3200 habet.
415 3151 495 3219 Neque
514 3151 613 3198 fortasse
635 3150 717 3197 imme·
749 3151 861 3198 nimirum
876 3151 901 3198 iu
918 3149 991 3199 verbo
1004 3152 1104 3200 eandm
1117 3153 1249 3201 necessario

218 3237 274 3287 rito.
292 3236 338 3285 Sed
358 3246 535 3302 argumentum,
557 3251 604 3302 quo
621 3236 716 3297 utitur,
748 3236 869 3284 notionem
890 3237 962 3285 erlis
983 3238 1107 3287 contineri.
1140 3235 1186 3284 Sed
1202 3236 1249 3287 hoc

216 3325 274 3389 quia
302 3324 428 3388 interpreti
458 3323 550 3372 cuidam
574 3323 651 3370 rhum
681 3331 716 3370 est
748 3319 804 3370 inde
828 3338 875 3370 nou
891 3325 966 3389 magis
982 3325 1103 3389 sequitur,
1125 3339 1209 3388 quanm
1226 3326 1249 3373 si

214 3410 391 3476 grauissimum,
407 3407 453 3457 hoc
465 3425 512 3458 non
524 3408 593 3457 modo
605 3425 653 3457 uon
662 3425 715 3474 gra·
746 3406 860 3456 Romulus
876 3406 969 3458 dicatur
982 3410 1120 3458 candidisse
1133 3411 1247 3473 limeum,

213 3513 245 3544 ve
270 3505 319 3558 est,
343 3494 385 3543 sed
405 3497 476 3543 etiam
493 3495 587 3544 falsum.
606 3495 715 3543 »Locum
746 3494 843 3543 Romam
855 3505 981 3561 propterea
994 3505 1049 3544 ante
1062 3495 1188 3545 Romulum
1200 3513 1248 3546 uon

215 3583 304 3648 quippe
325 3582 438 3644 cocidere,
460 3583 495 3630 ait
519 3582 658 3643 britannus,
683 3598 713 3629 ne
747 3582 879 3643 exstitisse,
903 3580 1038 3630 contendas.
1064 3581 1133 3646 Apud
1148 3582 1249 3631 Craccos

215 3668 325 3717 latinum
342 3668 438 3733 quidem
452 3667 559 3716 videtur:
578 3676 641 3714 certe
658 3682 713 3714 uus·
745 3666 841 3733 quidem
855 3668 957 3730 κτίζειν
966 3669 1061 3732 νήσους
1069 3667 1247 3733 frequentatum

213 3769 287 3820 (Ῑιιυιι
308 3770 450 3819 quemquam
475 3755 509 3802 sic
533 3752 639 3800 locutum
665 3768 715 3801 esse
748 3762 793 3801 est.
810 3752 977 3818 wesselingius
991 3751 1028 3801 bis
1042 3753 1184 3818 explicavit,
1198 3755 1247 3820 pri·

218 3843 341 3889 memini.'’
358 3840 424 3905 Quod
437 3841 474 3888 vir
490 3855 588 3905 maguus
605 3837 715 3887 dubitan-
747 3856 811 3888 mum
833 3840 859 3888 in
879 3837 975 3889 Observ.
993 3841 1030 3902 ll,
1054 3841 1092 3892 16.
1114 3840 1199 3890 deinde
1215 3839 1247 3890 ad

218 3935 256 3974 ter
273 3928 356 3991 ponit,
383 3926 447 3992 quod
463 3925 509 3974 sibi
525 3928 560 3974 ita
581 3927 665 3974 viden
680 3924 716 3973 di·
748 3925 841 3973 Diodor.
856 3925 962 3974 Siculum
980 3926 1006 3976 Τ.
1025 3927 1049 3989 l,
1068 3944 1122 3993 pag.
1136 3929 1193 3977 306.
1217 3927 1246 3974 Et

220 4011 267 4072 cit,
285 4010 347 4075 quod
359 4022 423 4059 certe
437 4029 484 4060 non
496 4013 656 4073 meminerat,
672 4009 717 4058 hoo
749 4009 905 4060 Callimachus
926 4011 1014 4060 librum
1036 4014 1131 4079 scripsit
1147 4013 1245 4068 κτίσεις

221 4096 258 4145 ita
272 4096 382 4144 nonnulli
397 4098 528 4162 arripiunt,
550 4108 669 4164 tamquam
687 4113 718 4146 ex
749 4100 833 4163 sycas
856 4098 903 4145 sal
920 4098 1031 4149 πόλεων.
1073 4102 1149 4164 Atque
1174 4099 1245 4147 istam
