2752 4844
540 367 600 428 AD
631 314 848 428 cludunt.
1163 359 1205 420 d'l

213 567 306 656 Quae
317 592 409 640 nunc
421 575 501 638 sunt
512 569 548 636 iu
560 566 707 660 honore,
724 565 908 654 vocabola3
925 567 953 636 si
969 565 1060 636 volet
1072 585 1180 654 usus,

181 807 251 857 quem
276 791 386 838 Horatius
409 793 435 839 in
457 790 500 839 hac
522 791 625 856 Epistola
646 792 676 840 li·
707 800 809 857 aptaque
818 788 1210 851 remis.”ldemadlen.ll,107i

180 873 239 924 bens
254 864 375 938 imitatur,
392 875 487 924 deneid.
505 877 530 924 l.
546 894 599 942 pag.
621 879 677 925 304
712 879 763 926 »In
787 876 855 941 palus
877 879 933 924 bene
955 877 1079 941 Virgilius
1089 877 1207 940 producit

179 963 355 1026 sugentemque
389 963 454 1024 Gyas
484 964 586 1028 ingenti
617 965 678 1010 mole
710 962 760 1024 lus,
779 964 838 1024 quia
850 961 944 1027 paludis
951 962 1024 1023 facit
1030 965 1042 1022 ,·'
1054 962 1117 1024 quod
1131 962 1208 1026 supra

184 1047 357 1108 Obimaeram,
378 1047 450 1094 Urbis
473 1064 548 1111 opus,
577 1049 677 1111 triplici
704 1050 807 1112 plenius
830 1049 959 1096 dinatus..
987 1048 1111 1095 Horatius
1131 1049 1207 1095 corri-

176 1132 255 1195 pubes
275 1147 346 1193 quam
359 1133 476 1180 Dardana
500 1149 571 1180 versu
590 1135 676 1197 Impcl·
703 1136 781 1198 puit,
798 1141 844 1182 ut:
865 1134 1003 1198 sterilisque
1020 1132 1147 1198 diupalus
1165 1127 1217 1198 ap-¹¹

113 1203 115 1207 ⁴
180 1217 244 1264 lunt.
271 1217 307 1264 lbi
320 1217 432 1265 nonnulla
449 1221 566 1267 annotavi.
594 1220 675 1267 Portus
708 1230 778 1286 taque
799 1223 896 1268 remis.'’
921 1219 986 1267 Idem
1003 1219 1039 1267 de·
1051 1220 1142 1267 ultimis
1159 1219 1207 1286 syl·

180 1303 226 1350 iste
251 1302 324 1350 Iulius
346 1313 395 1350 erat
420 1305 494 1352 instar
515 1304 594 1367 urbis,
621 1304 677 1353 urbs
709 1304 769 1354 labis
786 1324 839 1372 pag.
857 1309 929 1354 1813:
951 1307 1000 1353 ›tUs
1018 1321 1087 1367 vero,
1109 1321 1164 1352 cum
1178 1307 1208 1352 in

179 1386 310 1436 videbatur.
338 1389 418 1436 livius
442 1390 515 1451 XXV,
541 1393 580 1439 25.
607 1393 676 1440 Inter
704 1393 819 1463 genitivo
840 1400 959 1440 crescente
981 1394 1054 1458 langa
1067 1406 1209 1456 pararense

180 1474 307 1536 Neapolim
327 1482 353 1522 et
376 1477 481 1538 Tycham
498 1475 604 1540 (aornim
617 1493 677 1541 par·
709 1480 761 1542 rit,
773 1479 934 1543 producitur,
952 1485 1050 1541 eccepto
1061 1494 1109 1525 uno
1124 1477 1208 1542 palus,

179 1559 242 1606 mum
254 1562 339 1623 urbis,
356 1568 382 1608 et
394 1563 479 1608 instar
494 1564 592 1609 urbium
605 1562 673 1627 sunt)
706 1572 736 1611 ut
749 1572 788 1611 est
803 1565 861 1626 hoc,
872 1565 1006 1628 sterilisque
1023 1562 1065 1611 diu
1080 1562 1149 1627 palus
1165 1580 1207 1628 ap-

176 1653 260 1692 castra
268 1648 365 1709 posuit.
707 1659 778 1715 taque
796 1652 894 1698 remis.”
927 1649 990 1712 Quae
1013 1646 1111 1696 totidem
1127 1647 1206 1696 verbis

209 1734 360 1795 Steriiisque
374 1736 418 1782 diu
429 1738 506 1799 palus
518 1743 623 1800 aptaque
639 1751 676 1784 ra·
708 1735 827 1784 habentur
852 1734 916 1801 apud
936 1732 1022 1782 Bedam
1041 1733 1070 1781 de
1089 1735 1169 1781 Matris
1180 1751 1204 1798 p.

175 1820 234 1866 mis.
257 1819 311 1867 Cum
330 1837 359 1868 ex
377 1821 484 1886 analogia
499 1833 523 1869 et
540 1825 677 1886 pronuntia·
708 1824 780 1870 2360.
807 1822 911 1886 Denique
927 1830 950 1868 et
968 1821 1097 1869 Priscianus
1111 1837 1134 1884 p.
1149 1820 1222 1868 718..

176 1906 247 1951 tionis
269 1904 321 1969 lege
333 1908 410 1969 palus
429 1910 581 1971 posteriorem
603 1908 675 1974 sylla·
703 1907 799 1957 »Palus
811 1915 892 1955 tamen
905 1909 982 1954 etiam
995 1913 1106 1969 correpta
1122 1921 1150 1952 us
1165 1907 1206 1953 in·

176 1987 230 2037 bam
255 1990 380 2054 producat;
408 2002 435 2040 ut
460 1993 570 2058 Virgilio,
593 1995 674 2041 Lime·
707 1995 810 2042 cenitar-
837 1994 902 2058 apud
931 1976 1064 2040 Iloratium
1089 1991 1118 2039 de
1144 1991 1207 2041 Arte
1241 1994 1246 2006 ‘

175 2090 246 2136 seque
263 2077 338 2139 palus
358 2077 459 2124 abducat
476 2094 571 2141 pascua
591 2081 672 2128 iunco.
706 2080 821 2142 Pontica,
838 2078 976 2144 sterilisque
994 2076 1034 2126 diu
1051 2077 1121 2142 palus
1140 2087 1210 2142 apta-

176 2161 262 2224 Ceeyti
290 2162 408 2223 tardaque
429 2164 505 2226 palas
529 2164 675 2210 inamabilis
707 2180 753 2228 que
775 2167 872 2212 remis.”
897 2164 965 2211 Vides
987 2163 1031 2210 hoc
1053 2163 1130 2210 Nostri
1155 2161 1209 2209 loco

173 2246 247 2293 unda.
274 2247 380 2293 Dicitur
402 2254 427 2292 et
453 2248 577 2294 tenebrosa
598 2251 674 2311 palus
707 2264 786 2295 omnes
797 2251 882 2310 inniti,
900 2247 1008 2313 quodque
1020 2250 1087 2312 peius
1102 2247 1206 2309 est,hoc

174 2332 309 2383 Acheronte
326 2333 415 2392 rrfiasa.
431 2333 512 2395 Atque
529 2334 586 2380 binc
603 2341 675 2380 vasta
707 2350 766 2389 uno;
793 2350 869 2399 neque
895 2350 1035 2399 quemquam
1057 2333 1130 2381 alium
1150 2335 1208 2381 scri-⁴

168 2420 257 2482 polus,
275 2419 332 2465 hinc
348 2418 426 2465 ardua
438 2420 534 2466 moenia
549 2420 671 2484 cingunt:
703 2429 795 2484 ptorem
816 2419 846 2466 ad
864 2429 942 2484 partes
956 2411 1047 2467 vocare.
1073 2419 1210 2467 Dolueruut*

173 2513 255 2569 gravat
277 2505 384 2568 profecto
403 2504 479 2553 Flacci
499 2522 578 2553 manes
600 2505 674 2565 scele·
705 2507 785 2570 itaque
819 2507 962 2553 recentiores
994 2505 1084 2553 Horatii
1114 2507 1204 2567 ricem,

172 2601 238 2639 ratus
259 2590 298 2638 hic
323 2586 469 2653 cursiculus,
499 2598 573 2653 atqua
601 2592 672 2656 igno·
704 2591 844 2655 nullumque
868 2608 915 2638 non
940 2590 1043 2655 lapidem
1067 2600 1209 2653 moveruntp

172 2684 243 2724 ratae
263 2679 358 2740 premit
376 2678 442 2724 artis
458 2678 563 2723 ommino
588 2677 672 2740 turpi:
705 2686 792 2724 uttam
807 2675 902 2723 foedum
916 2692 930 2724 a
944 2693 997 2724 caro
1012 2679 1089 2741 capite
1103 2675 1205 2724 dedecus

173 2760 215 2810 ubi
232 2761 323 2827 syllaba
341 2764 387 2809 ista
407 2761 586 2826 indignantibus
603 2763 673 2809 Musis
705 2761 866 2810 amolirentur.
894 2760 999 2809 Alciatus
1021 2762 1065 2810 hoc
1088 2761 1205 2826 effugium

173 2849 312 2911 corripitur:
333 2849 412 2911 Regis
434 2863 505 2910 maras:
529 2845 674 2908 sterilisque
705 2849 807 2911 reperit,
825 2856 853 2894 ut
865 2849 941 2911 paleas
958 2849 984 2895 in
1002 2863 1073 2895 unam
1089 2845 1209 2913 syllabam,

173 2933 218 2980 dia
241 2933 318 2997 palas
344 2939 448 2995 aptaque
472 2933 548 2978 remis
575 2932 674 2980 Vicinus
706 2932 833 2995 coalescat,
857 2943 882 2980 et
906 2934 973 2998 quasi
990 2935 1050 2997 pias
1071 2932 1202 2992 efferatum

172 3019 244 3065 urbes
256 3018 306 3064 alit
321 3024 347 3064 et
359 3032 437 3081 grace
454 3018 535 3064 sentit
549 3024 670 3066 aratrum.
705 3017 899 3084 quemadmodum
913 3017 976 3083 apud
992 3018 1093 3086 Comicus
1108 3033 1187 3066 meum
1195 3055 1215 3082 „

173 3103 253 3169 Neque
274 3119 328 3150 vero
345 3101 422 3150 ullum
438 3104 463 3151 iu
483 3101 601 3151 codicibus
617 3102 672 3151 sub·
706 3111 788 3166 taura,
810 3121 897 3152 nocam
909 3103 940 3152 ad
956 3104 1124 3171 monosyllaba
1134 3121 1208 3169 saepe

172 3190 257 3238 sidium
272 3199 319 3237 est:
338 3188 364 3237 hi
381 3205 459 3236 omnes
476 3199 500 3236 et
521 3189 670 3238 Grammatici
703 3189 856 3255 redigunturc
889 3192 955 3238 cuius
979 3193 1082 3239 animam
1108 3189 1205 3256 quidem

173 3278 243 3324 etiam
265 3285 356 3323 veteres
369 3277 416 3323 iam
438 3275 531 3322 amillc
557 3278 624 3324 annis
638 3276 671 3323 le·
703 3275 798 3338 laudes,
821 3287 977 3325 commentum
999 3287 1027 3325 ut
1048 3277 1119 3325 futile
1141 3279 1209 3326 vitu«

172 3362 272 3409 ctionem
291 3360 351 3408 hunc
368 3370 395 3407 et
412 3369 524 3408 notarunt
542 3371 567 3408 et
590 3378 674 3426 propa·
706 3378 781 3427 peres.
800 3361 941 3427 Erythraeus
960 3379 1014 3411 vero
1033 3349 1146 3411 cacliinuo
1164 3380 1206 3410 ex-

171 3456 265 3511 garunt.
292 3446 385 3494 Servius
407 3445 437 3492 ad
453 3445 550 3494 Aeneid.
575 3448 611 3509 11,
629 3449 669 3495 65.
704 3446 825 3513 cipiendus
851 3458 899 3510 est,
926 3450 968 3514 qui
994 3450 1087 3497 literam
1112 3447 1207 3497 sabu-

173 3533 258 3580 »Sane
271 3532 344 3580 tellus
357 3547 385 3578 us
398 3533 472 3596 longa
488 3538 539 3595 est,
559 3541 583 3579 et
596 3549 671 3596 pauca
704 3533 809 3581 ciendam
823 3544 904 3598 putat,
914 3536 985 3599 paia’
995 3543 1100 3599 aptaque
1114 3535 1203 3596 remis,

172 3624 245 3679 cant,
270 3633 330 3680 quae
348 3635 376 3665 us
388 3618 541 3682 producunt,
560 3625 590 3664 ut
605 3634 671 3665 sene·
703 3636 766 3666 more
781 3620 898 3668 ‘veterum
923 3631 1062 3685 poetarum,
1088 3619 1130 3685 qui
1154 3619 1202 3666 Hi·

172 3712 238 3764 ctus,
253 3705 377 3765 iuventus,
391 3703 465 3766 salus,
484 3705 571 3765 virtus,
589 3703 670 3767 palus,
704 3705 787 3752 bernis
797 3707 911 3769 pastibu’
919 3707 992 3770 puisi
997 3743 1004 3768 ,
1021 3707 1103 3753 melito
1118 3719 1149 3752 eu
1163 3705 1212 3752 in·-

172 3790 286 3851 servitus,
304 3791 381 3850 incus,
400 3798 452 3850 tas,
465 3806 518 3850 rus,
536 3805 599 3850 mus,
616 3806 668 3853 pus.
694 3790 919 3858 santiiu’purois,
937 3800 962 3838 et
975 3791 1022 3838 alia
1039 3789 1068 3837 ad
1084 3788 1110 3838 id
1124 3806 1202 3838 exem·

171 3874 240 3922 Palus
258 3881 338 3920 tamen
351 3876 431 3921 brevis
446 3875 615 3937 nonnunquam
630 3876 669 3922 in·
701 3875 768 3940 plum
794 3879 878 3940 passim
903 3874 1065 3940 usurpabant,
1092 3877 1203 3940 ignarus,
1231 3932 1233 3935 ⁸

171 3962 286 4022 venitur,
301 3961 400 4022 quiain
413 3958 448 4007 dis
461 3961 515 4007 ecit
525 3962 670 4024 genitivus:
703 3960 747 4009 hoc
766 3971 820 4009 ante
840 3972 1000 4009 consonantes
1014 3961 1100 4024 solum,
1119 3973 1143 4010 et
1160 3960 1203 4011 ubi

170 4054 201 4095 ut
220 4047 357 4108 Horatius,
379 4043 516 4110 sterilisque
537 4044 578 4095 diu
603 4045 672 4111 palus
702 4063 734 4095 us
746 4057 830 4096 natura
847 4045 917 4094 breve
940 4057 1006 4110 erat,
1029 4047 1067 4097 rel
1084 4048 1210 4097 veteribus
