2752 4844
178 368 217 430 to
445 371 658 432 nontrn
691 355 937 430 nrisronl

210 571 288 659 Quo
311 571 412 642 scribi
433 579 569 666 possent
589 595 751 662 numero,
772 573 975 640 monstravit
996 571 1175 640 Homerus.

167 791 264 859 pellas,
287 793 359 860 idque
382 797 453 844 etiam
471 799 578 846 cerni'in
595 796 680 844 ultima
712 797 828 857 siccatae,
845 795 981 845 fluminnin
991 813 1063 844 novos
1076 795 1154 844 alveos
1167 793 1209 843 de·

172 878 267 946 syllaba
279 882 359 946 peltes
376 892 399 929 et
412 884 499 946 patris.
522 883 682 946 Quintilianus
714 880 799 943 ducta,
822 880 866 929 hae
892 882 964 930 moles
985 881 1114 947 stupendae
1138 882 1209 946 longo

175 966 234 1014 adeo
260 969 381 1015 confirmat
408 969 516 1016 ultimam
539 970 564 1015 ln
582 970 675 1032 palus,
709 984 765 1014 aevo
780 967 904 1015 fatiscent:
920 967 1076 1033 denique,ut
1089 966 1160 1015 verbo
1173 966 1209 1014 di-

174 1051 295 1117 (palndt's)
326 1053 432 1119 produci.
473 1055 555 1102 Versus
585 1054 677 1100 Horatii
710 1070 773 1115 cam,
790 1054 899 1101 mortalia
907 1054 1002 1116 factas
1019 1053 1063 1102 hoc
1082 1064 1133 1116 est,
1155 1054 1210 1101 stri·

106 1189 109 1194 ⁴
175 1137 223 1185 iam
244 1149 335 1186 mature
358 1139 505 1204 transpositis
526 1139 586 1186 male
610 1155 677 1185 voca·
709 1139 784 1203 giles,
815 1140 912 1203 opinor,
940 1148 964 1186 et
987 1139 1061 1187 calcei
1085 1138 1209 1205 peribunt.

134 1220 137 1225 ’
175 1221 240 1271 Irulis
249 1223 343 1271 videtur
361 1241 409 1271 esse
428 1234 559 1289 corruptus.
581 1223 640 1271 Sunt
648 1225 673 1271 ln
707 1223 768 1286 Quid
789 1225 875 1272 mirum
897 1226 917 1272 si
938 1241 1006 1273 voees
1025 1242 1064 1272 ore
1082 1235 1106 1273 et
1123 1225 1210 1290 spiritu

174 1309 235 1356 MSS.
265 1309 327 1357 aliae
354 1310 481 1357 varietates
506 1309 569 1374 apud
594 1310 674 1357 Feam:
708 1310 733 1356 in
751 1325 820 1357 auras
837 1310 941 1358 difflatae
959 1321 1072 1375 pereant,
1092 1328 1145 1358 cnm
1162 1327 1211 1358 ma*

174 1403 277 1456 actaque
302 1397 392 1456 remis,
421 1403 537 1457 ottoque,
563 1397 677 1457 altaque,
709 1393 781 1442 nibus
795 1396 870 1457 sueta
892 1413 976 1461 nempe
999 1396 1059 1443 ollae
1083 1405 1107 1443 et
1128 1393 1211 1443 cacabi

175 1479 238 1546 qnod
262 1480 366 1544 proxIme
388 1480 481 1528 accedit
500 1480 529 1529 ad
546 1480 678 1528 ttarllandi
711 1481 851 1530 intereant?
877 1482 952 1530 Satin’
976 1481 1020 1529 hoc
1043 1480 1089 1529 tihi
1111 1482 1211 1545 placet?

172 1568 331 1630 pulsataque.
341 1565 386 1613 Sed
395 1584 464 1632 aegre
474 1566 611 1615 adverbium
620 1578 678 1614 tem·
711 1578 810 1632 putasne
826 1568 934 1615 Nostrum
948 1579 996 1615 tarn
1014 1567 1104 1615 nullius
1112 1566 1210 1628 iudicii,

175 1653 239 1718 poris
248 1650 362 1700 desidero.
374 1652 438 1700 Nihil
449 1654 534 1701 melius
543 1657 597 1700 novi
608 1670 679 1718 quarn
711 1664 739 1700 nt
753 1664 807 1718 post
821 1654 863 1701 illa
877 1654 984 1718 ingentIa
997 1654 1064 1718 quasi
1079 1654 1153 1700 mains
1167 1651 1212 1699 ali·

175 1738 340 1785 Bentleianum
350 1740 678 1802 paluspre'us'.Conieceram
711 1739 769 1804 qaid
795 1750 818 1787 et
841 1738 974 1787 mirabilius
982 1739 1057 1801 sueta
1073 1739 1212 1803 ingereret?

176 1824 310 1872 Sterila'soe
321 1824 394 1881 nulus
408 1826 466 1870 olim
475 1832 579 1887 aptaque
592 1827 676 1871 remis.
711 1801 772 1887 Qdid
789 1825 936 1889 quodfacto
948 1843 977 1873 ne
991 1827 1101 1873 Latinum
1115 1823 1212 1889 quidem

175 1907 224 1964 nlt
242 1919 266 1955 et
283 1892 334 1956 01]
345 1927 391 1957 non
401 1910 503 1957 multum
512 1909 635 1957 differunt.
654 1911 682 1956 Et
715 1911 740 1957 In
757 1910 802 1958 hac
818 1913 936 1959 sententIa
953 1922 1001 1968 est;
1020 1911 1060 1959 sed
1078 1927 1156 1975 optera.
1173 1912 1212 1959 Li·

174 1993 200 2039 in
215 1994 291 2055 palus
312 2004 348 2040 est
368 1993 472 2041 eiusdem
490 1995 541 2041 sere
563 1995 614 2041 soni
634 1994 681 2059 syl·
714 1995 766 2042 vius
782 1996 806 2058 I,
821 2000 845 2044 2.
867 1997 1003 2044 Secundam
1018 1997 1077 2043 inde
1089 1998 1213 2060 proelium

175 2074 231 2125 laba
248 2080 290 2125 ala
302 2106 335 2114 -
349 2081 391 2128 oli.
713 2082 829 2143 Latinis,
840 2083 935 2130 Aeneae
946 2084 1022 2129 ettam
1034 2083 1149 2130 nltimam
1160 2096 1212 2145 ope·

208 2163 258 2210 Sea
271 2180 368 2212 earsron
380 2169 491 2214 rnataoit
499 2169 613 2231 iniquum
619 2167 679 2229 sra-
711 2184 767 2215 rnm
779 2169 996 2228 mortalinmfuit.
1014 2169 1149 2216 Lactantius
1157 2167 1211 2229 Ill,

172 2250 248 2314 gibos
261 2254 350 2299 amoris.
368 2252 629 2319 Commentatorlegisse
641 2256 675 2301 vi·
709 2256 747 2302 15.
770 2256 849 2303 nana
868 2263 907 2303 est
926 2257 1040 2303 Itamant's
1060 2256 1212 2315 laboratam,

175 2334 245 2384 detur
261 2353 311 2385 cen.
338 2338 385 2385 Hoc
404 2349 518 2387 monstrat
535 2341 678 2402 interpreta-
712 2341 775 2402 qnod
789 2357 836 2387 non
852 2343 881 2387 ab
898 2343 1012 2388 nonnanis
1028 2355 1103 2402 aeqae
1117 2341 1213 2386 viridas

175 2421 210 2469 tio
224 2424 312 2469 velati.
331 2423 469 2470 D'Orvillius
482 2423 608 2470 adCharit.
622 2407 677 2487 pag.
711 2424 809 2471 destrui
833 2426 931 2488 possit:
958 2427 1071 2486 qnoniam
1095 2427 1213 2471 mortalia

174 2509 238 2567 673,
261 2516 340 2554 narrat
365 2524 389 2554 se
411 2510 436 2554 in
456 2508 553 2554 Francia
572 2506 675 2555 codicem
709 2517 769 2556 sant
783 2525 854 2572 opera
871 2510 1022 2556 mortalium.
1040 2507 1128 2556 Seneca
1138 2509 1212 2572 Epist.

174 2590 274 2652 vidisse,
291 2592 316 2638 in
333 2608 379 2657 quo
394 2593 508 2657 scriptum
526 2601 577 2640 erat
590 2593 676 2641 Arnas
708 2593 763 2641 XCI.
778 2595 931 2641 Enumerare
943 2593 1141 2654 ornnesfatoram
1157 2596 1214 2642 rins

175 2693 219 2741 pro
233 2678 392 2738 arnnis,cum
410 2687 464 2726 nota
472 2680 537 2742 fluo.
556 2679 678 2726 licetur-
710 2681 809 2744 Iongam
830 2687 883 2727 est:
906 2681 948 2728 Itoo
961 2696 1036 2727 annm
1049 2681 1113 2727 sez'o:
1132 2682 1213 2727 ornnt'a

176 2778 315 2810 nuarerera
330 2762 442 2828 quasdam
455 2765 480 2812 in
494 2764 562 2813 alveo
579 2763 681 2812 subierit
712 2767 856 2814 mortalitem
886 2781 958 2831 opera
986 2767 1141 2814 mortalitate
1171 2767 1213 2814 da·

177 2850 338 2911 mutationes,
371 2849 409 2896 vel
436 2850 520 2898 saltem
545 2851 571 2898 in
595 2851 680 2899 ricinis
711 2859 880 2900 mnatasant:
896 2854 965 2900 inter
969 2853 1088 2916 peritura
1096 2854 1212 2902 vivimus.

179 2934 369 2999 confluentibus,
394 2946 538 2984 nontamen
560 2935 621 2984 hane
646 2937 681 2984 le·
713 2937 773 2986 Nota
789 2937 852 2986 illud
869 2941 949 2986 ornnia
965 2937 1029 3003 apud
1045 2922 1168 3001 Senecam,
1189 2949 1213 2986 et

180 3023 283 3068 ctionem
301 3010 414 3084 pruvera
433 3021 515 3070 habet.
714 3039 766 3071 tneo
789 3024 895 3088 periculo
918 3023 958 3071 hic
980 3011 1069 3072 scribe:
1096 3026 1213 3071 mortalia

209 3107 331 3154 Mortalia
337 3107 413 3166 faeta
422 3109 549 3171 peribant.
561 3106 680 3172 Spondere
713 3117 802 3157 cuneta
812 3111 947 3173 peribant,
965 3111 1062 3158 Nedum
1077 3125 1214 3157 sermonum

176 3189 224 3240 tibi
244 3193 334 3253 ausim,
358 3209 394 3240 me
414 3188 627 3242 inhonestissimam
646 3194 681 3242 la·
713 3202 764 3242 stet
782 3196 856 3243 honos
871 3203 897 3242 et
907 3198 998 3260 gratia
1012 3197 1095 3242 vivan.
1113 3193 1174 3257 Quid
1187 3194 1213 3241 in

176 3276 231 3327 Item
255 3295 284 3326 ex
308 3276 353 3325 hoe
377 3278 428 3326 loco
451 3277 626 3335 abstersurume
653 3281 679 3328 in
712 3280 813 3345 singulis
826 3280 982 3329 memorandis
995 3281 1148 3336 morariuno
1161 3295 1213 3327 ver·

178 3379 239 3430 quo,
263 3360 308 3409 nbi
328 3363 411 3410 Noster
430 3365 555 3429 magnifica
573 3376 597 3413 et
614 3383 681 3431 prae·
714 3364 758 3428 bo,
781 3375 866 3415 cuneta
889 3366 998 3416 mortalia
1020 3356 1147 3430 peribunt3
1170 3382 1212 3413 ne·

177 3449 242 3499 clara
256 3448 346 3514 Regum
361 3466 431 3514 opera
446 3461 619 3514 enumerasset,
634 3451 678 3500 hoe
711 3451 768 3500 dum
783 3462 812 3500 ut
828 3469 944 3501 sermones
959 3452 1007 3500 sint
1025 3451 1125 3499 vivaces.
1144 3453 1212 3499 Mor·

176 3534 361 3602 epiphonemate
378 3589 381 3595 ¹
396 3536 537 3584 sententiam
571 3536 679 3599 claudit,
714 3539 779 3586 talia
801 3548 882 3586 antem
903 3536 1012 3587 absolute
1034 3546 1058 3584 et
1075 3537 1142 3602 quasi
1157 3535 1213 3585 sub·

137 3633 139 3638 ·
177 3622 295 3670 mortalia
297 3620 373 3681 sueta
379 3621 513 3684 peribant,
524 3620 621 3669 Nedum
629 3638 680 3670 ser·
714 3624 816 3672 stertire
825 3625 930 3689 ponitur,
939 3621 1053 3686 utIirgil.
1063 3621 1211 3687 Eclogallll.

178 3721 276 3756 monam
292 3714 344 3754 etot
362 3707 435 3754 tntae
450 3713 476 3753 et
488 3709 579 3770 gratia
596 3709 679 3757 viana.
712 3710 765 3758 Neo
785 3725 872 3758 enrare
893 3711 973 3756 Deam
993 3708 1076 3756 eredis
1094 3711 1213 3758 mortalia

179 3791 246 3841 Belle
264 3809 334 3855 sane,
357 3789 503 3846 olibrariie
527 3792 638 3842 nimirum
654 3803 684 3842 ut
715 3811 863 3860 qnernqnam.
882 3803 907 3842 et
920 3795 977 3843 len.
991 3794 1083 3856 1‚toe.
1098 3795 1164 3844 Sunt
1177 3798 1212 3843 la-

178 3861 309 3927 entithesis
330 3878 373 3928 illa
392 3888 490 3927 venuste
508 3889 591 3941 exeat,
605 3880 681 3942 sueta
712 3883 805 3930 eriorae
827 3896 910 3929 rernm
931 3888 957 3929 et
971 3887 1076 3928 mentam
1094 3882 1212 3929 mortalia

181 3971 207 4010 et
219 3979 363 4012 ammonam.
382 3965 466 4013 Portus
492 3965 585 4030 inquit,
600 3966 683 4015 invitis
716 3966 1014 4034 commanentiam.
1026 3968 1095 4029 XIII,
1106 3969 1145 4016 70.
1162 3964 1211 4015 Aa

179 4047 289 4114 Neptuno
311 4059 335 4095 et
358 4049 452 4098 Tellure
478 4050 555 4113 tacti,
581 4051 681 4116 paludes
712 4056 825 4119 spiciunt
840 4054 917 4102 num
935 4055 1021 4118 supera·
1038 4054 1156 4100 mortulae
1170 4053 1211 4099 ia·
