2752 4844
189 427 229 490 98
452 427 664 489 HORthl
696 424 940 485 EPISTULA

217 630 280 702 Ille
304 637 394 724 tegat
416 630 611 715 commissas
635 629 791 719 Deosque
811 633 969 722 precetur
992 633 1026 696 et
1050 633 1141 716 oret,

217 751 263 818 Ut
286 749 399 820 redeat
418 749 564 838 miseris,
587 746 684 818 abeat
709 745 857 817 Fortuna
879 743 1043 840 superbis.

184 1025 220 1066 est
230 1024 295 1064 recta
307 1017 439 1064 sententiae
451 1014 596 1063 consecutio:
610 1014 683 1061 iratas
715 1013 804 1060 tireat.
815 1009 906 1059 laudat
918 1012 1088 1072 Burmaunum,
1105 1009 1213 1077 quiSue·

181 1117 238 1166 rege
260 1110 284 1149 et
306 1101 419 1167 prudenti
440 1099 537 1148 cansssio
552 1096 640 1146 blande
658 1107 683 1146 et
715 1098 777 1146 touii
789 1095 903 1145 verbasic
916 1098 1100 1162 iuterpretatur:
1117 1097 1214 1146 Medici

182 1188 256 1235 amice
270 1204 353 1246 mone3
367 1185 527 1250 amice,quia
541 1183 683 1231 duriorora·
715 1184 800 1231 instar
830 1198 919 1230 sanare
946 1184 1051 1230 utiliter
1073 1183 1213 1231 studeatur

181 1273 217 1320 tio
232 1273 320 1320 iratum
336 1273 410 1336 magis
426 1268 536 1332 acerbat,
561 1285 632 1334 quam
648 1268 682 1316 le·
715 1284 731 1315 a
746 1269 826 1316 morlo
839 1271 946 1317 luaurie.
963 1270 1026 1333 Quae
1035 1270 1118 1317 sirera
1127 1278 1163 1318 est
1175 1270 1213 1316 in·

180 1359 233 1406 uit:
256 1357 310 1405 fave
326 1355 440 1419 mitibus,
458 1365 483 1403 et
499 1371 552 1418 eos,
570 1356 611 1419 qui
627 1370 682 1418 pec·
715 1355 870 1418 terpretatio,
893 1353 924 1402 ad
939 1355 1061 1403 Horatium
1074 1371 1121 1403 non
1138 1357 1212 1420 perti·

179 1452 233 1490 catu
248 1440 363 1504 oderunt,
381 1458 446 1504 ama,
464 1456 564 1506 eumque
577 1456 680 1487 amorem
712 1449 761 1487 net.
784 1439 841 1487 Nam
854 1441 974 1488 iustitiae
991 1439 1054 1488 nihil
1070 1457 1124 1489 cum
1140 1442 1212 1489 luru-

178 1527 257 1576 verbis
269 1527 369 1577 declara.
387 1528 431 1575 Cur
444 1526 529 1575 chorus
542 1527 611 1573 loris
619 1527 681 1572 ami·
713 1527 763 1574 ria.
777 1524 844 1589 Quod
858 1525 930 1590 vulgo
943 1524 1061 1574 salubrius
1074 1535 1110 1574 est
1125 1542 1211 1591 aquam

178 1611 386 1663 reconsiliatur?
402 1615 434 1662 lis
449 1630 496 1661 non
509 1628 568 1677 opus
582 1620 680 1659 cstcon-
711 1609 794 1658 bibere
811 1627 881 1676 quam
901 1613 997 1674 viuum,
1018 1611 1063 1659 hoc
1078 1613 1211 1660 Bnrmanno

177 1700 240 1749 silio.
257 1701 528 1764 Errantes,peccantes,
545 1700 680 1745 iratosma-
711 1695 872 1761 metaphoram
902 1696 930 1745 de
955 1697 1046 1746 medica
1069 1700 1210 1764 suggessisse

177 1803 275 1849 neruus,
293 1803 340 1834 nau
355 1784 428 1833 bonos
445 1794 469 1832 et
485 1782 597 1849 placidos.
712 1781 815 1831 videtur.
829 1782 948 1847 Augustus
964 1782 1004 1832 hic
1012 1784 1068 1847 joco
1082 1783 1131 1833 dici
1143 1793 1211 1849 pote-

208 1873 255 1920 Ille
273 1873 394 1918 salubrem
411 1871 544 1918 Iustitiam
567 1870 678 1932 legesque
711 1877 748 1914 rat
772 1869 868 1916 saluber
900 1871 1046 1934 legislator,
1076 1872 1137 1919 serio
1162 1869 1226 1919 dici·

176 1958 308 2020 atapertis
322 1957 375 2003 otia
384 1956 478 2018 portis.
496 1952 625 2018 Epitheton
638 1968 677 1999 sa·
709 1969 756 1999 non
765 1962 850 2016 potest.
868 1955 916 2003 Lex
924 1957 1035 2004 salubris
1043 1957 1210 2018 emulatores,

177 2044 269 2089 lulrem
284 2039 352 2089 valde
370 2056 407 2088 me
424 2038 534 2087 offendit.
552 2039 616 2085 Eoin
633 2037 678 2085 tali
710 2054 764 2085 nam
780 2037 843 2086 nihil
864 2038 993 2104 differunt,
1011 2051 1047 2089 est
1060 2044 1153 2090 omniuo
1169 2041 1211 2090 lex

175 2128 292 2175 sententia
308 2124 411 2174 libentes
428 2140 540 2173 caremus.
567 2124 677 2171 Horatius
709 2122 806 2187 publico
828 2123 890 2173 bono
908 2129 1000 2188 utilis;
1020 2127 1082 2177 nihil
1098 2127 1210 2192 amplius.

174 2213 238 2261 nulli
262 2212 334 2260 alteri
354 2210 501 2260 substantivo
517 2208 624 2272 addidit,
647 2217 676 2257 ut
708 2207 746 2256 Sic
763 2219 789 2258 et
803 2212 884 2260 Livius
897 2212 934 2276 11,
949 2215 973 2260 3.
995 2215 1073 2279 Leges
1088 2230 1139 2261 rem
1155 2229 1211 2262 sur-

174 2316 237 2361 ram,
267 2314 338 2363 quum
368 2295 466 2359 suadet,
491 2294 673 2344 commendaret.
707 2295 763 2342 dam
775 2297 953 2346 inexorabilem
968 2315 1034 2363 osse,
1049 2291 1211 2349 salubriorem

174 2384 269 2432 Utilitas
283 2385 357 2448 magis
371 2400 400 2431 ex
413 2381 517 2446 simplici
530 2382 624 2429 nomine
638 2397 676 2427 co·
708 2383 879 2445 melioremque
902 2386 974 2447 irrupi
1000 2401 1072 2447 quam
1098 2388 1210 2450 potenti.

173 2471 281 2534 gitatur,
316 2485 386 2532 quam
415 2466 508 2514 adiecto
529 2475 674 2515 ornamento.
708 2467 751 2514 Pro
760 2465 908 2515 SALVBREM
915 2469 1038 2517 Horatium
1047 2470 1137 2519 dedisse
1149 2482 1210 2537 puto

173 2555 230 2602 Viuo
246 2551 365 2601 vendibili
382 2569 429 2600 nou
451 2568 511 2616 opus
527 2561 563 2599 est
579 2549 675 2601 hedera.
709 2552 855 2602 GELEBRE'I'.
881 2555 928 2602 Ille
949 2557 1053 2604 celebret
1075 2559 1211 2607 Iustitiam

173 2637 267 2701 Lauda,
276 2640 370 2705 iuquit,
382 2637 478 2686 brevem
487 2653 596 2700 coenam,
605 2637 676 2686 lauda
709 2639 819 2702 legesque
836 2646 863 2686 et
877 2643 975 2704 apertis
991 2643 1043 2690 otia
1054 2646 1147 2707 portis.
1170 2645 1210 2692 Iu·

174 2726 306 2787 iustitiam,
331 2725 397 2790 leges
426 2733 450 2771 et
479 2739 569 2789 pacem.
610 2723 673 2771 Haec
706 2724 786 2771 stitiae
802 2723 884 2790 legum
901 2734 925 2773 et
947 2729 1013 2792 pacis
1029 2728 1112 2777 laudes
1133 2731 1208 2778 canti·

173 2811 244 2878 longe
266 2811 461 2878 graviorasunt,
478 2810 586 2875 quamsi
610 2808 674 2857 dicas
706 2810 740 2857 cis
756 2809 877 2860 celebrare
895 2821 946 2860 erat
969 2812 1048 2864 chori:
1067 2825 1133 2864 recte
1149 2817 1209 2864 uele-

170 2895 246 2946 lauda
262 2896 333 2963 dapes
352 2894 441 2944 sobrias
464 2911 557 2943 mensae
578 2893 673 2958 brevis,
707 2895 793 2960 lrare,
810 2906 838 2944 ut
854 2897 928 2947 Garm.
940 2899 965 2962 Ι,
982 2902 1005 2948 7.
1040 2902 1106 2949 Suet
1121 2903 1210 2965 quibus

175 2985 294 3034 iustitiam
307 2981 440 3044 salubrem,
462 2982 527 3046 leges
540 2978 679 3029 civitatibus
710 2998 787 3030 uuum
817 3000 876 3048 mnas
900 2992 939 3032 est
959 2986 1070 3036 intactae
1094 2974 1209 3036 Palladis

174 3069 327 3131 utilissimas,
353 3084 435 3133 pacem
455 3083 535 3115 rerum
553 3067 675 3130 optimam.
709 3083 779 3116 arces
803 3069 918 3118 Carmine
936 3080 1057 3136 perpetua
1079 3075 1208 3123 celelmre.

173 3156 202 3204 Et
216 3153 286 3219 quale
301 3153 425 3219 epitheton
438 3149 582 3200 salubrem?
594 3151 673 3200 Tenue
706 3152 788 3216 1,12.
813 3154 889 3210 Quem
910 3158 992 3205 airum
1008 3166 1054 3206 aut
1068 3161 1141 3207 heroa
1152 3161 1208 3222 lyra

173 3249 199 3288 et
212 3241 297 3305 inops,
319 3249 345 3286 et
360 3240 431 3286 nimis
445 3254 575 3287 commune.
599 3238 676 3305 Dapes
708 3240 814 3286 velauri
828 3241 995 3292 Tiliasumis
1009 3246 1128 3292 celebrare
1143 3244 1208 3294 Clio.

174 3341 267 3374 mensae
285 3323 364 3372 brevis
385 3326 458 3372 etiam
478 3333 533 3372 sunt
547 3325 673 3387 salubres,
706 3324 734 3371 Et
747 3325 773 3372 iu
789 3323 834 3373 hac
850 3327 901 3391 ipsa
911 3328 1015 3393 Epistola
1027 3346 1060 3378 vs.
1073 3332 1129 3379 287.
1147 3333 1208 3380 eele-

173 3412 284 3460 salulres
296 3410 374 3474 leges,
392 3411 500 3458 salubris
512 3426 567 3475 pax.
584 3408 676 3458 Ouden·
708 3410 779 3457 lrare
794 3410 1015 3474 domesticafacta.

173 3496 271 3564 dorpius
296 3496 374 3544 locum
397 3496 489 3544 Horatii
511 3493 622 3544 adhibuit
644 3493 674 3543 ad
738 3497 848 3560 Deosque
858 3507 976 3561 precetur
995 3507 1021 3547 et
1034 3507 1100 3562 oret,
1120 3501 1152 3548 Ut
1168 3517 1207 3550 re-

172 3583 282 3632 Suetonii
301 3583 401 3648 August.
423 3583 470 3629 42:
495 3581 555 3642 Saul,
579 3587 610 3628 ut
630 3596 670 3628 sa·
702 3581 760 3629 deut
773 3584 889 3646 miseris,
905 3585 978 3632 abeat
993 3586 1105 3632 Fortuna
1121 3602 1206 3651 super·
1265 3642 1268 3647 ,

174 3670 266 3718 labrem
291 3670 391 3734 magis,
415 3681 486 3731 quam
516 3666 674 3713 ambitiosum
706 3667 752 3716 lis.
777 3667 852 3716 Multa
870 3679 977 3716 veterum
997 3673 1137 3736 scriptarum
1153 3673 1206 3722 locu

169 3757 312 3820 principem
324 3756 415 3816 scires,
433 3751 609 3816 querentemde
621 3753 674 3801 iro·
706 3770 815 3818 perversa
831 3754 982 3805 distinctione
1001 3757 1122 3822 laborant,
1140 3760 1206 3808 ideo-

171 3843 220 3905 pia
236 3849 262 3890 et
279 3843 389 3890 caritate
405 3841 462 3888 viai
473 3839 591 3903 populum
611 3854 676 3886 sere·
708 3856 755 3905 que
771 3842 848 3888 miuus
860 3851 925 3890 recte
936 3843 1120 3909 intelliguntur,
1134 3863 1205 3912 quam

78 3987 86 3993 .
163 3928 280 3974 =sissima
294 3928 403 3975 coercuit
424 3940 496 3973 aare:
510 3925 578 3972 satis
589 3925 675 3988 praei-
707 3936 808 3990 oportet.
823 3927 978 3976 llicomnium
988 3928 1131 3994 editionum,
1146 3948 1204 3996 quas

174 4027 229 4060 sum
244 4027 261 4059 a
273 4028 364 4077 genero
380 4027 425 4060 suo
440 4011 570 4076 Agrippa,
582 4010 674 4074 perdu—
706 4011 930 4077 quidem'cognovi‚
947 4014 1006 4064 haec
1024 4027 1071 4064 est:
1093 4018 1204 4078 Deosque

176 4098 228 4145 ctis
237 4098 355 4160 plurilus
370 4098 456 4159 aquis,
473 4097 624 4144 helmuinus
636 4098 672 4144 si·
699 4105 817 4160 precetur
838 4105 864 4146 et
880 4107 945 4162 orat,
967 4101 1006 4149 vel
1021 4104 1131 4164 Deosque
1144 4116 1203 4164 pru-
