2752 4844
533 372 593 431 ΑΒ
625 372 844 432 PISONES.
1160 370 1196 432 91

208 574 410 646 Mandentur
433 574 545 643 iuveni
566 581 696 668 partes,
722 597 895 669 pueroque
920 573 1050 661 viriles3

207 694 346 790 Semper
366 696 401 763 in
424 692 589 762 adiunctis
615 716 764 786 aevoque
788 693 999 763 morabimur
1017 694 1114 788 aptis.

209 811 280 882 Aut
300 813 411 906 agitur
436 812 544 880 resin
569 812 695 901 scenis,
721 819 781 880 aut
805 819 878 881 aeta
903 811 1057 881 refertur.

211 931 354 1024 Segnius
375 932 506 999 irritant
527 930 654 999 animos
680 929 822 1000 demissa
840 954 902 1024 per
922 955 1037 1000 aurem
1048 983 1058 1021 ,

175 1170 332 1202 rumsuarum
340 1165 427 1203 statum
435 1153 499 1217 odit,
514 1171 541 1202 ac
550 1163 676 1219 propterea
707 1154 817 1202 Heinsius
839 1152 941 1219 putabat
962 1171 1014 1217 eos,
1037 1156 1079 1221 qui
1103 1157 1205 1204 inverte-
1231 1174 1236 1181 ·

168 1240 289 1300 faturum
297 1242 372 1306 cupit.
385 1243 413 1288 Ht
421 1239 466 1288 hoc
474 1238 570 1288 senIbus
578 1249 613 1287 est
622 1256 674 1304 pro·
705 1249 777 1302 runt,
796 1257 843 1288 non
867 1242 924 1289 satis
942 1239 1042 1304 vidisse,
1067 1240 1124 1306 quid
1145 1251 1206 1290 esset

175 1328 271 1391 prium,
288 1343 346 1392 quos
363 1326 503 1392 plerumque
518 1327 612 1374 eovitio
626 1342 674 1373 esse
707 1341 798 1374 emmer.

92 1437 95 1445 ν
174 1412 277 1460 infectos
289 1411 409 1474 videmus,
427 1411 490 1477 quod
503 1428 517 1460 a
529 1411 623 1459 Graecis
631 1427 672 1476 ap·
736 1412 970 1476 Autagiturresin
981 1414 1076 1476 scenis,
1093 1420 1139 1460 oet
1148 1419 1205 1461 acta

174 1498 280 1563 pellatur
296 1499 473 1564 μεμψιμοιρία
479 1514 491 1554 ,·
515 1514 542 1546 eo
559 1499 671 1545 nimirum
703 1498 820 1553 refertur.
843 1498 986 1547 Praecedens
1001 1494 1031 1567 ip
1048 1501 1130 1547 scenis
1143 1500 1205 1565 cogi·

174 1599 221 1649 quo
245 1582 354 1632 laborant
367 1585 447 1632 tristes
465 1593 489 1632 et
505 1586 582 1632 omnia
595 1582 676 1648 deplo-
709 1584 799 1632 tatione
818 1586 949 1649 repetimus
964 1586 990 1632 in
1006 1586 1115 1650 sequenti
1133 1602 1205 1633 mem-

95 1692 97 1697 ·
173 1679 271 1732 rantes,
286 1679 315 1718 ut
323 1671 357 1717 ait
366 1669 453 1717 Seneca
461 1668 490 1717 de
499 1669 582 1734 Tranq.
597 1669 675 1716 inimi
707 1667 749 1716 bro
765 1670 1060 1730 oetoctarefertur:in
1075 1673 1203 1718 secuisse·

173 1756 200 1816 l,¹
209 1759 231 1805 7.
242 1755 458 1820 quibusmullanou
467 1757 580 1803 caussain
589 1771 672 1820 quere·
705 1762 732 1803 to
754 1765 862 1820 repetere
879 1772 926 1803 non
940 1765 1020 1821 potes3
1038 1764 1204 1822 superastaret

173 1840 208 1888 las
217 1840 305 1906 placet.
320 1840 366 1889 Sed
373 1842 483 1889 Horatius
490 1840 555 1889 hunc
563 1839 670 1889 morbum
703 1842 792 1906 agitur
807 1844 836 1889 in
849 1843 945 1904 scenis,
968 1849 1014 1889 aet
1026 1843 1056 1888 iu
1071 1843 1153 1890 scaeis
1167 1857 1204 1889 rs-

135 1973 138 1979 (
172 1927 220 1974 iam
233 1928 377 1990 nominavit,
394 1935 466 1992 quum
485 1942 565 1974 senem
581 1925 669 1974 dixerit
693 1927 790 1988 fartor.
808 1926 854 1974 Sed
870 1943 1024 1993 quaecunque
1038 1927 1076 1975 vel
1093 1935 1204 1993 agustau

114 2062 116 2066 ,
172 2014 307 2076 querulum.
324 2013 488 2077 decipiendam
501 2022 559 2077 puto
576 2013 671 2078 elegan-
702 2013 741 2060 vel
750 2013 907 2075 reseraretur,
921 2014 1069 2061 omniafiunt
1079 2014 1105 2061 in
1118 2015 1203 2064 scenis.

174 2099 288 2146 tissimum
305 2099 407 2148 Bentleii
421 2099 588 2146 correctionem
599 2099 674 2161 pavi·
706 2097 771 2145 Illud
791 2100 817 2146 in
834 2100 917 2162 scenis
931 2101 1024 2146 omnino
1040 2099 1145 2164 postulat
1161 2095 1205 2148 ali-

147 2209 150 2213 *
172 2184 367 2248 dusqeefuteri.
394 2184 450 2232 Nam
467 2183 530 2249 quod
546 2199 611 2247 spem
624 2182 671 2230 dif—
703 2183 767 2248 quod
783 2185 932 2248 oppositum,
945 2185 1022 2232 veluti
1034 2184 1144 2233 Horatius
1158 2195 1204 2233 sta·

173 2269 236 2332 fert,
265 2279 289 2317 et
310 2270 404 2332 reiicit,
430 2278 454 2317 et
476 2279 511 2316 est
530 2267 672 2331 δύσελπις,
706 2268 749 2316 tim
773 2269 824 2332 ipse
851 2271 961 2333 opposuit
982 2261 1054 2317 intus
1070 2256 1205 2334 gestu-in

171 2354 217 2405 hoc
230 2357 308 2421 ipsum
327 2354 417 2417 efficit,
436 2364 464 2402 ut
482 2355 562 2402 futuri
573 2355 605 2401 sit
620 2371 669 2402 me·
701 2369 774 2402 sceau
785 2361 868 2419 geste.
889 2354 1005 2402 Excidisse
1019 2354 1087 2404 credo
1100 2355 1204 2405 vocabu·

172 2442 291 2504 tuentior,
308 2457 378 2506 quam
391 2441 438 2489 viri
457 2450 482 2488 et
495 2439 669 2503 adolescentes,
702 2439 767 2502 lum,
798 2439 861 2505 quod
887 2457 950 2488 nunc
969 2436 1101 2490 sententiae
1124 2441 1199 2492 deest.

172 2529 214 2592 qui
230 2528 288 2576 satis
304 2529 377 2576 animi
390 2525 494 2589 habent,
511 2535 540 2573 ut
556 2542 669 2591 quaerere
701 2523 804 2573 Habebis
819 2525 897 2588 illud,
919 2528 941 2574 si
957 2525 1056 2577 scribas:
1077 2528 1130 2577 Aut
1146 2531 1203 2594 ogi·

171 2613 268 2678 lugiunt
278 2612 336 2679 quid
351 2629 401 2662 cras
413 2613 522 2660 futurum
536 2613 575 2660 sit.
590 2613 672 2660 Exem-
705 2618 748 2658 tur
770 2627 811 2659 res
835 2613 865 2659 iu
886 2627 971 2675 sceau,
996 2621 1042 2661 out
1062 2615 1127 2662 alibi
1146 2623 1204 2664 octa

171 2698 219 2764 plls
234 2699 378 2747 Bentleianis
391 2698 450 2747 adde
466 2698 549 2764 virgil.
562 2698 599 2760 X,
611 2699 668 2746 501.
701 2697 819 2758 effertur.

171 2782 265 2833 Nescio
279 2801 347 2832 meres
365 2787 488 2832 bominem
499 2784 559 2844 suti
579 2785 668 2832 sortis·
733 2784 842 2848 Segnius
860 2783 972 2831 irritent
986 2786 1082 2832 enimes
1095 2785 1202 2834 demisse

171 2871 335 2933 paefaturoe.
353 2869 663 2931 0vid.1tesam.Xt,457.
692 2884 740 2932 per
755 2884 854 2931 aurem,
874 2869 952 2927 Quam
971 2885 1031 2932 quoe
1048 2877 1110 2917 sunt
1123 2872 1201 2918 oculis

167 2970 293 3020 praesage
308 2957 406 3017 fictori.
428 2955 480 3018 XV,
506 2954 562 3004 815.
579 2969 610 3001 rea
629 2956 667 3002 sie
699 2956 810 3003 subiecta
827 2956 955 3016 fidelibus.
982 2954 1048 3019 Quod
1066 2954 1202 3004 demittitur

171 3042 307 3089 etiamnum
319 3041 510 3106 igaurusutuei.
528 3041 615 3088 Lucan.
629 3041 666 3102 11,
696 3057 744 3105 per
759 3056 858 3103 eurem,
872 3041 917 3090 lroe
931 3058 979 3089 non
992 3042 1018 3089 in
1031 3056 1091 3090 uere
1107 3052 1201 3107 manet,

172 3129 212 3175 14.
226 3129 271 3176 Sit
282 3142 350 3176 coeca
352 3127 443 3188 futuri
458 3128 531 3175 Mens
544 3128 668 3174 bucinum
699 3127 741 3175 sed
750 3142 800 3192 per
820 3143 919 3189 eurem,
943 3129 1011 3193 quasi
1027 3128 1102 3190 viam,
1121 3130 1151 3178 ad
1166 3129 1201 3177 lo·

163 3213 231 3273 foti.
254 3212 343 3262 Statius
365 3212 439 3261 Theb.
458 3213 490 3274 t,
515 3215 571 3262 718.
589 3210 670 3276 prob!
702 3229 755 3270 cum
773 3211 918 3260 destinatum
935 3215 1047 3263 mittitur.
1070 3216 1144 3264 laetu
1156 3219 1203 3265 iste

76 3307 78 3310 '
173 3300 445 3364 sors,ctcoscofeturi
454 3296 672 3347 Mensbome'oum!
706 3307 741 3346 est
759 3299 866 3347 seimus.
894 3297 1004 3364 Opposita
1023 3311 1078 3349 sunt
1096 3303 1204 3350 demissa

204 3386 332 3434 Laudatur
347 3386 532 3448 temporisacta'.
547 3384 601 3432 Post
608 3383 672 3432 hune
704 3386 826 3431 inaurem
837 3393 862 3432 et
872 3372 983 3434 subiecto
999 3389 1090 3449 oculis,·
1105 3387 1204 3439 demissa

173 3488 266 3520 versiam
279 3473 305 3520 in
318 3471 364 3519 MS.
375 3469 446 3536 apud
460 3470 529 3518 leam
545 3485 625 3518 versus
637 3471 673 3519 in-
705 3471 731 3518 in
752 3485 833 3517 aurem
856 3469 977 3534 audimus,
1000 3471 1106 3521 subiecta
1129 3473 1207 3521 oculis

173 3567 253 3605 trusus
268 3557 370 3623 legitur:
389 3557 488 3605 Laudat
499 3557 669 3619 praeteritos,
702 3554 820 3604 videmus:
838 3557 1001 3622 demisso-per
1014 3574 1099 3606 aurern
1112 3568 1137 3605 et
1148 3561 1204 3607 soe
1293 3604 1296 3610 .

170 3644 435 3708 praesentes‘despicit
449 3650 527 3689 actus.
553 3639 616 3689 Unde
630 3658 671 3706 ap·
702 3643 769 3690 iectu
781 3644 873 3706 oeulis,
888 3653 943 3692 ante
958 3644 1038 3692 oculos
1050 3645 1140 3709 posita,
1154 3661 1207 3693 non.

174 3738 243 3793 paret
258 3729 350 3779 ethanc
365 3728 488 3794 epistolam
503 3726 609 3776 versibus
616 3743 671 3791 spu·
703 3737 759 3776 sunt
773 3729 898 3778 contraria.
918 3731 967 3777 lam
983 3730 1089 3777 demissa
1104 3731 1134 3777 in
1148 3732 1204 3778 eni-

174 3815 216 3862 riis
229 3815 301 3862 fuisse
314 3816 469 3880 inquinatam.
699 3830 765 3862 enum
782 3816 902 3880 significat
918 3832 956 3863 res
977 3817 1053 3863 animo
1075 3817 1127 3863 alta
1144 3818 1202 3879 irfi-
1268 3815 1270 3819 ’

207 3901 352 3965 Castigator
380 3916 506 3964 censorque
538 3901 666 3948 mitiorum.
700 3916 760 3962 crus,
781 3911 808 3948 ut
822 3903 913 3949 animus
932 3917 975 3965 per
996 3918 1034 3948 eas
1050 3901 1202 3953 vehementer

172 3990 199 4035 ln
223 3986 277 4035 aliis
305 4002 388 4034 censer
413 3989 603 4052 castigatorque.
641 3988 669 4034 ln
701 3985 827 4034 afficiatur.
846 3985 942 4035 Sallust.
960 3988 985 4035 B.
1007 3988 1058 4053 lug.
1082 3990 1137 4038 102.
1155 3992 1202 4041 Po·

172 4074 296 4122 Brenckm.
318 4075 458 4137 castigator
479 4087 616 4136 censorque.
641 4071 668 4122 N.
703 4079 792 4120 stremo
808 4074 851 4120 boc
864 4073 894 4120 iu
902 4080 992 4137 peetus
1008 4081 1078 4123 tuem
1088 4075 1201 4132 demitte.
1234 4079 1235 4082 ’
