2752 4844
197 398 236 459 34
275 478 277 482 7
458 399 671 484 notatu
701 399 947 460 aelstano

220 599 348 670 Doctus
372 602 436 671 iter
465 600 594 671 melius.
628 599 782 670 Mortalia
806 601 891 670 facta
916 601 1094 694 peribunt3

188 832 234 874 aut
263 827 343 888 sitista
367 826 445 872 sedam
472 840 631 887 properamus
656 825 689 877 ad
720 823 761 872 sed
783 842 874 889 semper
890 829 984 890 integra
1002 822 1216 887 conservabuntur,

188 927 269 959 anam.
290 913 410 958 Dedernar
424 912 494 958 etiam
506 910 599 956 Servius
614 908 687 957 trahet
720 912 764 958 nisi
783 921 832 958 tota
851 913 914 975 regio
929 911 1063 958 vehementi
1080 920 1154 957 terrae
1169 927 1218 957 mo

188 996 217 1047 ad
234 1000 291 1045 Aen.
307 998 402 1057 lx,oa.
423 1007 447 1043 et
460 998 560 1060 scriptus
575 995 685 1044 Prisciani
719 1006 745 1042 tu
769 1007 901 1044 evertatur:
924 1013 984 1060 quae
1008 1007 1086 1044 tamen
1109 996 1218 1059 exceptio

187 1073 271 1131 codex'
292 1082 470 1147 Cantabrigiae,
506 1081 612 1129 Statiano
638 1098 685 1128 me·
719 1092 743 1129 et
760 1083 810 1146 ipsa
825 1084 850 1131 in
867 1083 909 1131 tali
923 1085 1039 1132 sententia
1055 1092 1102 1128 tarn
1117 1079 1218 1129 ridicula

185 1169 238 1218 lior.
261 1168 417 1216 stumfius,
718 1177 766 1229 est,
790 1178 817 1214 ut
840 1167 870 1215 ad
889 1184 939 1215 eam
957 1185 1003 1215 non
1020 1166 1105 1214 melius
1123 1183 1217 1231 respon-

216 1256 360 1318 Quamquam
374 1251 502 1300 Simonides
516 1251 577 1300 dixit
590 1253 681 1300 oova-
716 1251 766 1299 deri
783 1255 856 1317 possit
875 1269 944 1317 quam
962 1251 1103 1316 proverbio,
1127 1253 1152 1299 si
1167 1267 1217 1298 coo·

183 1341 222 1405 τῷ
240 1341 340 1394 πάντες
359 1337 540 1400 ὄφειλὸμεθα,
562 1337 623 1385 unde
641 1354 684 1385 nos
717 1338 766 1384 lara
784 1345 849 1385 rarat.
875 1338 986 1402 Occupati
1004 1353 1083 1387 sumus
1104 1336 1173 1384 hodie
1191 1338 1217 1385 iu

183 1426 261 1472 coorti
282 1426 392 1472 mamurra
408 1440 542 1488 expressum
562 1422 684 1485 videatur,
719 1422 825 1470 siccando
840 1423 893 1471 lacu
905 1423 1057 1471 Harlemensi.
1076 1423 1132 1486 Quis
1146 1440 1159 1481 e
1174 1439 1216 1470 no·

183 1527 233 1558 eam
251 1521 329 1559 tamen
352 1511 482 1558 sententiae
504 1508 685 1556 similitudinem
717 1508 830 1556 stratibus
848 1520 935 1572 poeta,
953 1527 1021 1556 sanae
1039 1508 1134 1573 quidem
1151 1525 1216 1556 meu·

181 1599 255 1660 ipsam
273 1615 319 1644 non
336 1597 442 1643 sufficere
458 1594 571 1657 arbitror,
590 1604 618 1641 ut
631 1594 683 1641 vul·
717 1597 758 1656 ts,
777 1594 821 1641 hoc
836 1605 918 1642 utatur
935 1605 1085 1660 argumento:
1105 1595 1216 1641 dedam

181 1692 235 1746 gata
253 1682 323 1729 lectio
342 1691 465 1746 propterea
488 1698 529 1745 pro
548 1698 617 1728 manu
634 1681 679 1727 Ho·
697 1682 788 1739 ,morti
812 1697 856 1729 nos
872 1688 1008 1744 rrastraqao.
1031 1681 1111 1727 Lacus
1126 1681 1193 1727 Πανί
1204 1707 1215 1716 -

175 1770 235 1814 sotii
261 1769 398 1831 accipiatur.
440 1765 613 1830 Dispiciendum
640 1783 680 1830 po·
713 1768 818 1828 arensis,
835 1767 879 1814 dira
892 1769 1039 1831 navigatus,
1061 1781 1140 1830 grave
1160 1781 1215 1812 sso-

182 1855 244 1913 tius,
265 1870 293 1900 an
313 1870 365 1900 ctun
385 1855 491 1899 universa
509 1853 629 1915 praecepti
646 1853 682 1897 in·
716 1853 766 1898 tice
781 1860 908 1910 aratram5
925 1853 969 1899 scd
980 1853 1138 1912 rarsrrsstet,
1152 1851 1216 1913 qaod

180 1937 232 1986 dole
251 1940 381 1984 conveniat.
405 1938 432 1984 Ut
447 1937 518 1997 folia,
536 1937 627 2000 inquit,
643 1937 677 1982 ita
703 1935 777 1998 fait,
800 1939 876 1984 lacoras.
901 1937 1023 1984 Praeterea
1041 1938 1150 1984 Horatius
1166 1953 1213 1984 uon

179 2022 251 2070 verba
268 2025 389 2070 intereunt
404 2032 428 2068 et
443 2032 577 2069 nascuntur.
597 2021 641 2067 Nos
656 2031 680 2067 et
714 2031 765 2068 erat
777 2020 835 2068 adeo
849 2021 993 2081 inurbanus,
1011 2031 1039 2068 ut
1052 2023 1097 2069 ista
1110 2019 1213 2069 scribere

179 2111 256 2156 omnia
281 2119 359 2155 nostra
387 2106 512 2172 aliquando
535 2108 678 2168 moriemur,
713 2106 819 2155 auderet.
851 2110 969 2172 Augustus
998 2117 1117 2155 exstructo
1142 2117 1231 2170 portu,

177 2197 226 2243 sive
244 2212 306 2242 mare
324 2196 378 2255 fiat,
394 2193 456 2259 quod
471 2195 518 2241 fuit
535 2203 613 2256 terra,
631 2195 679 2240 sive
713 2194 792 2257 lulio,
822 2196 915 2242 siccatis
940 2194 1066 2260 paludibus
1091 2195 1211 2255 Pontinis,

177 2281 369 2346 palus'routetur
385 2283 409 2328 in
427 2297 521 2336 arvum,
540 2283 587 2327 sive
606 2281 680 2326 amnis
713 2282 774 2344 agris
791 2280 820 2327 ah
834 2281 987 2329 inundatione
1001 2281 1110 2329 Tiberina
1127 2279 1213 2328 libera-

177 2384 262 2414 novum
275 2383 366 2413 cursum
386 2368 472 2428 capiat.
492 2363 609 2427 Quidquid
622 2381 681 2409 mor·
715 2367 758 2424 tis,
777 2367 864 2426 optime
882 2365 910 2411 de
927 2383 952 2412 re
970 2365 1066 2428 publica
1080 2377 1129 2413 erat
1142 2367 1202 2412 meri

177 2451 225 2498 tale
242 2460 289 2511 est,
301 2449 396 2513 peribit.
408 2447 496 2495 Nodum
506 2464 580 2493 sermo
596 2448 626 2492 sit
635 2448 679 2492 im-
712 2456 764 2507 tus,
781 2446 908 2511 laudesque
920 2451 1022 2496 omnium
1035 2447 1146 2496 bonorum
1158 2467 1212 2497 con-

178 2536 291 2583 mortatis.
311 2535 411 2581 Hicnou
426 2548 549 2595 assequor,
565 2529 680 2578 rur'llud
713 2542 816 2579 secutus.
848 2532 908 2594 Quid
929 2532 1037 2596 prodest,
1061 2533 1118 2582 dicit
1139 2535 1211 2583 Hora-

167 2639 220 2670 taos
241 2629 266 2668 et
287 2628 370 2667 nostra
392 2619 524 2664 maritatur
545 2618 677 2665 confirmari
711 2619 775 2679 tius,
798 2619 872 2664 omnis
889 2619 933 2665 iste
956 2617 1042 2667 labor?
1067 2619 1124 2667 Vani
1142 2621 1210 2668 fuere

177 2709 250 2773 possit
268 2705 382 2770 exemplis
401 2706 618 2764 torraer'nroace,
633 2719 679 2766 pa-
711 2713 809 2751 sumtus.
841 2703 921 2751 Omnia
946 2704 1065 2768 peribunt.
1096 2706 1210 2771 Corrupto

177 2796 245 2842 dadis
266 2795 294 2840 ia
316 2808 401 2839 aaaron
417 2805 544 2838 conversae
556 2798 584 2836 et
595 2790 676 2851 flrooii
709 2798 766 2852 puto
783 2789 839 2837 illa:
856 2790 967 2837 dodanta
979 2793 1064 2840 eoacti.
1082 2791 1166 2855 Video,
1185 2803 1209 2841 et

178 2888 282 2927 retorem
304 2881 370 2926 aiam
392 2876 536 2925 deserentis.
563 2873 626 2922 Nihil
644 2873 679 2923 ihi
711 2877 787 2939 quivis
800 2893 891 2924 merum
903 2876 979 2938 videt,
994 2877 1051 2942 quid
1062 2879 1207 2942 postuletur,

143 2981 147 2988 ’
175 2967 296 3025 onoratur,
315 2963 355 3012 sed
364 2964 437 3023 sacia
451 2971 542 3008 tanturn
560 2969 673 3008 mutatur.
709 2978 805 3025 nempe:
834 2961 906 3010 silvae
928 2974 1063 3026 mittantur,
1090 2965 1147 3014 solia
1171 2982 1208 3012 ca·

176 3051 245 3112 Nam,
264 3050 320 3097 licet
334 3049 420 3113 oppida
435 3046 553 3094 interdum
567 3046 625 3092 mori
640 3044 674 3092 di·
708 3045 768 3093 dunt
792 3057 816 3093 et
842 3058 986 3110 nascuntur,
1012 3049 1136 3097 verborum
1160 3050 1207 3098 alia
1231 3056 1233 3060 “

165 3145 273 3196 voantur,
291 3145 318 3183 ut
335 3135 410 3181 Rutil.
429 3134 484 3180 ltin.
500 3132 525 3193 I,
542 3132 597 3178 41³.
622 3131 675 3177 Nos
707 3133 841 3193 intereunt,
857 3132 903 3180 adia
918 3151 997 3181 rursus
1012 3137 1095 3183 virent.
1108 3135 1154 3198 {psi
1166 3133 1207 3182 ho·

175 3221 339 3285 indignamur
351 3220 466 3267 roartalr'a
480 3231 578 3281 corpora
591 3212 674 3263 salai?
707 3217 781 3263 mines
796 3227 820 3264 et
834 3216 953 3266 hominurn
968 3236 1037 3284 opera
1051 3237 1097 3266 non
1111 3230 1206 3268 manent

171 3307 305 3355 >Cernimus
318 3305 436 3368 erotoplis
450 3304 613 3367 amridopossa
627 3318 674 3349 mo·
708 3300 796 3350 eadem.
814 3303 892 3350 Facies
907 3315 1005 3353 naturae
1022 3315 1047 3352 et
1063 3305 1166 3352 locorum
1179 3308 1205 3354 iu

175 3394 215 3440 ri:
228 3393 329 3453 nemini,
348 3389 468 3450 credo‚in
482 3399 584 3436 mentem
599 3389 677 3435 veniet
710 3404 780 3435 nevas
801 3390 890 3452 species
912 3392 1062 3438 transfertur.
1095 3390 1205 3440 Horatius

168 3486 203 3527 ¹u't
218 3477 292 3526 dicat:
309 3487 390 3541 portus
406 3475 448 3523 idle
466 3472 674 3538 Iuliusaliquando
707 3489 749 3536 pro
775 3474 904 3521 usuratu
925 3475 1011 3523 uolut
1033 3474 1134 3522 scribere
1164 3494 1205 3541 po-

173 3567 385 3627 morietra·,ager,
397 3561 483 3608 fertilis
492 3560 578 3607 dusius
586 3560 672 3607 marda-
706 3559 766 3606 tuit:
785 3561 919 3607 nutanti
935 3560 1058 3608 Faustam.
1073 3563 1204 3611 Mataroar

175 3659 224 3700 tarr.
249 3650 342 3716 Neque,
360 3658 387 3695 ut
401 3648 450 3695 sine
465 3645 514 3693 ulla
532 3646 670 3708 exceptione
702 3645 1062 3708 farraamaasaostraqae:hoc
1076 3649 1164 3712 optime
1179 3660 1204 3698 et

171 3730 671 3793 verumesthammaaliquandoaoora'ea-
704 3729 734 3777 ad
751 3730 915 3779 antecedentia
939 3742 963 3780 et
981 3731 1010 3779 ad
1027 3736 1150 3798 sequentia
1167 3752 1203 3782 re·

173 3830 231 3872 tur:
247 3824 282 3870 ita
298 3836 379 3870 verum
398 3828 433 3866 est
455 3832 526 3881 opera
541 3817 589 3862 illa
603 3816 672 3878 peri·
706 3816 790 3864 fertur.
814 3817 851 3864 Est
873 3832 947 3881 genus
963 3817 1079 3882 quoddam
1097 3819 1202 3884 disputa·

173 3909 249 3970 barat,
276 3909 323 3956 nisi
349 3907 437 3971 cogites
462 3903 572 3951 ultimum
598 3902 671 3948 totius
704 3901 788 3962 tionis,
812 3919 857 3948 non
877 3901 989 3950 dissimile
1009 3903 1201 3970 philosophorum

172 3991 256 4043 mundi
273 3992 350 4041 diem:
371 3989 433 4056 quod
449 3991 565 4054 ineptum.
587 3986 611 4034 si
629 3985 670 4032 ho·
703 3984 872 4051 disputationi,
895 3989 937 4052 qui
954 3989 980 4036 σί
998 3988 1103 4051 ῥέοντες
1119 3990 1201 4053 appel-

171 4080 247 4129 mirtet
256 4075 352 4139 volunt,
361 4093 431 4142 opera
439 4075 483 4123 illa
491 4091 538 4122 non
546 4071 671 4137 peribunt,
704 4070 792 4120 lautur.
806 4073 943 4138 Disputasit
953 4074 984 4122 ad
998 4074 1098 4122 eundem
1106 4073 1200 4123 modum
