2752 4844
537 379 843 443 horreense.
1133 379 1193 443 185

174 579 316 652 vlndieiis
339 588 524 653 monstrare
547 583 739 655 recentibus
762 581 875 654 abdita
899 606 1031 672 rerum3
1105 582 1187 655 '492

183 697 321 796 Fingere
342 702 500 772 cinctutis
523 724 593 773 non
615 703 769 774 exaudita
790 701 942 797 Cethegis
1130 711 1187 774 50.

174 965 244 1016 derit
255 967 373 1018 iunctura
386 985 479 1019 swam.
493 968 571 1019 Cicero
580 968 608 1019 de
617 970 671 1020 Ora·
702 971 750 1021 loci
788 970 860 1022 huius
892 973 1033 1021 sententiam
1065 972 1196 1023 eliciamus.
1266 961 1269 968 Δ

174 1059 226 1101 tore
242 1052 337 1117 111‚ts.
356 1055 508 1104 »Novantur
522 1063 606 1105 ostem
617 1072 671 1105 oer-
704 1059 791 1106 Omnes
812 1061 878 1108 enim
895 1059 1012 1124 Cethegi,
1031 1058 1124 1124 inquit,
1148 1072 1197 1108 mo·

174 1137 215 1202 bo,
241 1154 302 1202 quas
325 1141 354 1189 ob
375 1156 418 1202 eo,
442 1143 487 1206 qni
506 1143 589 1206 dicit,
613 1144 669 1208 ipso
701 1129 1034 1194 rornoeroooerootoondom
1046 1144 1198 1206 nomaso

170 1225 316 1292 waram
331 1242 359 1276 oo
367 1229 453 1290 fiant,
470 1229 511 1276 vel
524 1231 671 1294 coniungen-
692 1237 742 1300 ‘tor
753 1238 852 1279 coetero
867 1231 1016 1296 descriptam
1028 1235 1198 1294 omnam-retro·
1267 1210 1273 1222 ⁸

173 1310 216 1360 dis
231 1313 326 1376 verbio,
342 1320 372 1361 cst
388 1315 459 1361 traco:
474 1313 532 1362 'l'um
549 1331 620 1380 pavor
635 1297 688 1364 sas
704 1318 794 1366 lerum.
819 1315 951 1380 Nsnrqoom
972 1317 1038 1364 enisa
1057 1317 1143 1364 tonica
1156 1315 1199 1363 asi

173 1397 291 1462 pientiam
307 1415 398 1447 omnem
415 1399 476 1447 mihi
492 1402 625 1449 exanimato
633 1418 673 1451 ex·
705 1410 772 1452 sont.
790 1404 845 1452 [deo
862 1405 978 1451 cinctutos
991 1418 1031 1451 eos
1046 1404 1129 1465 dixit,
1143 1415 1199 1465 qno-

173 1492 289 1550 pectorat.
323 1483 384 1532 Num
408 1501 456 1534 non
478 1486 514 1534 vis
538 1485 610 1534 huius
633 1504 670 1536 ms
702 1490 772 1536 niam
794 1490 898 1538 cinctura
928 1497 967 1537 est
995 1504 1076 1554 genus
1100 1489 1199 1536 tonicae

172 1568 348 1636 versutiloquas
361 1570 472 1621 malitias.
495 1572 591 1620 Videtis
606 1575 672 1621 enim
702 1575 772 1635 icy'ro
782 1582 871 1639 pectus
887 1581 996 1639 optatae.
1013 1575 1087 1621 Locus
1103 1572 1198 1640 quidem

173 1662 201 1705 et
230 1655 403 1720 versutiloquas
429 1663 454 1704 et
478 1667 615 1722 expectorat
639 1674 670 1707 est
701 1659 762 1708 male
779 1659 893 1723 affectus,
911 1669 936 1708 et
954 1661 1006 1722 cui,
1024 1661 1074 1707 sine
1091 1675 1134 1724 ope
1150 1658 1198 1707 MS.

173 1740 343 1790 emunctione
355 1741 432 1802 sacto
448 1757 500 1791 eoos
516 1745 600 1808 veroa,
622 1760 670 1794 non
700 1746 803 1795 nnando
818 1763 865 1794 non
882 1762 925 1811 ego
940 1746 992 1794 sim.
1009 1743 1071 1808 Quid
1083 1744 1146 1792 euim
1158 1742 1199 1793 hie

173 1834 244 1878 nata.
699 1830 728 1880 ds
744 1848 810 1881 consa
829 1828 976 1896 deocnpto?
999 1831 1102 1878 Fortasse
1119 1827 1199 1894 legeh·

205 1914 239 1962 Si
250 1913 323 1974 forto
339 1929 435 1963 necesse
453 1923 499 1964 est.
524 1915 586 1966 MSS.
603 1916 671 1966 n’or-
703 1915 771 1966 dum:
796 1920 866 1965 inter
881 1924 963 1966 cetero
979 1917 1099 1964 deiectam
1116 1922 1198 1979 togam
1257 1973 1261 1982 Ι

173 1998 226 2050 vill.
243 2000 342 2049 verbum
358 2009 397 2049 est
412 2001 533 2050 omittunt.
703 2005 823 2052 tolerunt.
845 2002 911 2067 Quod
929 2018 1013 2068 nempe
1031 1999 1129 2065 Cethegi
1147 2001 1198 2049 sins

205 2087 317 2152 dingere
336 2089 460 2136 cinctutis
481 2103 529 2136 non
551 2089 671 2137 exaudito
702 2091 783 2138 tunica
799 2087 950 2151 incederent,
967 2086 1021 2136 ideo
1037 2087 1132 2135 sinistro
1145 2084 1198 2134 hra-

175 2173 298 2238 Cethegis.
319 2174 382 2222 Miris
395 2172 469 2222 modis
481 2173 521 2222 hic
535 2183 671 2239 corruptum
704 2174 758 2223 chio
771 2192 817 2223 non
835 2176 976 2223 contraxisse
992 2183 1085 2239 togam,
1102 2189 1132 2221 ne
1146 2188 1199 2221 cac·

174 2267 210 2306 est
231 2257 342 2308 Scholion
363 2259 542 2326 Porphyrionis:
566 2259 671 2308 »Omnes
704 2270 755 2309 tero
772 2261 874 2325 corporis
891 2257 1053 2321 nudarentur,
1079 2274 1132 2306 curn
1148 2257 1198 2306 solo

173 2345 237 2393 enim
250 2343 347 2410 Cethegi
358 2361 446 2394 morem
453 2354 605 2394 servaverunt
614 2361 671 2394 eun·
704 2347 784 2394 cinctu
802 2345 877 2394 velati
899 2354 984 2394 essent.
1006 2344 1050 2392 Cur
1066 2353 1146 2392 antem
1162 2345 1197 2392 ita

173 2427 230 2493 dein
239 2430 340 2493 Romae,
353 2432 417 2480 inter
427 2440 520 2480 caetera
529 2430 669 2496 descriptam
701 2431 800 2497 Cethegi
815 2430 969 2494 incederent,
992 2447 1019 2479 ea
1036 2432 1097 2478 ratio
1113 2429 1197 2478 afferri

172 2531 261 2566 comam
285 2516 435 2575 retulerunt;
461 2533 582 2582 nunquam
607 2519 670 2576 eninr
702 2517 881 2584 potest,qnod,
896 2516 1198 2582 cumRomanisntiquissi·

149 2646 155 2660 ,
174 2604 256 2653 tunica
276 2604 314 2652 usi
329 2602 398 2666 su'nt,
422 2603 476 2652 ideo
492 2605 615 2651 oinotntos
631 2619 669 2651 eos
702 2604 736 2651 mi
743 2603 815 2652 solam
824 2614 903 2669 togam
911 2607 961 2653 sine
970 2604 1052 2652 tunica
1062 2611 1197 2668 gestarent,

172 2686 252 2751 dixit,
277 2687 388 2755 qnoniam
409 2690 512 2737 cinctum
534 2697 570 2737 est
593 2704 668 2754 genus
699 2688 813 2753 Cethegos
828 2690 951 2737 severioris
963 2689 1026 2736 vitae
1039 2704 1067 2736 ac
1080 2687 1158 2736 cultus
1171 2689 1197 2736 in

173 2776 269 2823 tunicae
281 2775 345 2824 inira
355 2784 438 2840 pectus
446 2784 555 2840 aptatae,
571 2775 604 2823 eis
612 2791 668 2840 ergo
700 2775 798 2839 antiquo
809 2773 894 2823 habitu
906 2785 1078 2840 perseverasse,
1095 2789 1197 2838 eumque

172 2876 222 2909 non
236 2862 356 2909 exaudita
371 2862 461 2921 verda,
486 2870 605 2924 tamquam
621 2860 667 2909 sol·
691 2876 786 2928 'morem
803 2869 907 2926 posteros
923 2869 1016 2908 secutos
1033 2862 1110 2907 esse.”
1133 2858 1196 2908 Haec

173 2954 231 2995 tant
246 2955 271 2994 et
284 2947 348 2994 inter
361 2961 477 2994 caesarem
492 2945 588 2994 insolita
596 2946 669 2994 inter·
701 2946 826 2994 Ferrarius.
852 2947 898 3011 Ego
916 2945 1037 2994 vocabulis
1056 2943 1196 3010 quibusdam

173 3033 221 3080 cisa
228 3048 297 3081 nemo
308 3031 378 3081 dixit.
395 3033 435 3080 Est
442 3040 521 3079 autem
529 3031 669 3079 intestinum
701 3030 1196 3096 transpositis‚aliislevitermutatis,aptam

173 3118 301 3185 pusillum,
316 3128 341 3166 et
356 3117 441 3167 deinde
449 3116 517 3166 verbi
532 3118 622 3183 gratia,
635 3118 669 3165 sie
701 3115 757 3166 hinc
768 3118 909 3165 sententium
918 3116 1025 3165 elicuisse
1034 3115 1093 3164 mihi
1100 3116 1194 3165 rideors

171 3205 266 3271 alapam
280 3221 333 3253 cum
341 3220 388 3252 uno
398 3203 473 3270 digito
485 3205 556 3252 imam
569 3203 668 3251 ierimus
702 3202 806 3250 »Omnes
824 3203 886 3250 enim
902 3201 999 3267 Cethegi
1015 3218 1103 3250 morem
1119 3218 1196 3251 servu

172 3290 311 3340 auriculam.
325 3290 547 3356 »Nemo,quantum
556 3288 665 3355 equidem
697 3298 783 3336 verunt
800 3287 900 3336 eundem
913 3288 1011 3336 Romae:
1025 3290 1090 3337 inter
1103 3298 1196 3336 caetera

172 3376 290 3426 recordari
298 3393 406 3442 possum,
415 3377 461 3424 ista
469 3372 592 3423 emendare
600 3391 669 3423 cona·
700 3372 767 3422 verbi
791 3375 867 3439 gratia
882 3373 1023 3439 discerptam
1039 3375 1103 3422 inter
1119 3390 1196 3422 eaesa-

174 3472 213 3512 tus
226 3472 275 3526 est,
292 3472 388 3528 praeter
402 3461 522 3510 Octavium
538 3460 669 3508 Ferrarium
701 3459 760 3507 riem
781 3459 877 3507 insolito
894 3462 1008 3508 interciso
1025 3475 1113 3507 comam
1130 3468 1196 3506 retu·

173 3546 245 3598 delle
259 3549 371 3598 vestiaria
385 3547 525 3610 l,⁹‚cuius
538 3544 668 3610 disputatio
700 3544 788 3593 lerunt.
812 3546 924 3610 Quoniam
946 3547 1054 3594 cinctum
1070 3554 1105 3592 est
1121 3559 1195 3610 genus

173 3631 232 3682 haee
249 3619 306 3684 est:¹
323 3635 421 3682 »Acron
440 3631 487 3681 MS.
508 3633 534 3680 in
549 3629 665 3680 Biblioth.
699 3632 794 3680 tunicae
818 3632 881 3680 infra
903 3642 985 3698 pectus
1002 3640 1113 3696 aptatus,
1141 3628 1195 3678 ideo

173 3718 341 3769 Mediolanensi
356 3720 477 3768 cinctutis
491 3719 588 3766 coertio
602 3726 667 3764 recte
699 3719 824 3766 cinctutos
845 3735 883 3766 eos
904 3716 970 3766 dicit.
993 3717 1116 3783 Nunquam
1133 3717 1195 3764 enim

174 3821 205 3854 sx
219 3805 312 3854 Lucano
327 3807 506 3871 interpretatur.
524 3804 553 3850 Ut
569 3812 594 3851 et
609 3802 670 3850 alius
702 3805 783 3851 tunica
799 3804 837 3851 usi
854 3813 916 3852 sunt.
934 3804 971 3850 Eis
987 3818 1042 3867 ergo
1058 3817 1105 3849 non
1123 3816 1196 3850 otoo·

173 3901 242 3940 retus
254 3893 370 3956 interpres
385 3889 473 3939 ibidem
485 3890 531 3938 MS.
547 3889 670 3937 cinctutis
701 3889 757 3936 dita
769 3890 854 3951 vnto,
872 3897 991 3953 tamquam
1008 3903 1068 3953 quae
1077 3902 1144 3936 nemo
1162 3886 1197 3936 di·

110 4012 113 4020 ·
173 3979 277 4026 coertio.
287 3975 614 4043 Porphyriomaculosusest,
628 3972 669 4022 sed
701 3975 766 4022 xit.’'
788 3974 815 4021 ln
830 3972 867 4021 his
883 3973 1031 4037 discerptam
1047 3990 1089 4038 pro
1105 3973 1196 4022 descrss

172 4078 204 4115 ex
227 4079 274 4130 quo
298 4063 366 4129 quasi
387 4078 429 4128 per
449 4060 575 4127 caliginem
590 4077 668 4110 veram
696 4068 782 4124 ptam,
799 4061 932 4108 caesariem
948 4075 990 4124 pro
1006 4074 1141 4125 caesarem,
1157 4063 1197 4109 in·
