2752 4844
223 362 281 424 154
482 364 695 425 flottam
725 364 969 425 EPISTOLA

249 564 339 652 Quin
366 567 435 636 eine
455 565 551 635 rivali
572 575 671 658 teque
692 571 727 635 et
749 576 807 635 tua
833 565 925 635 eolus
949 587 1086 636 amares.

216 785 314 835 landum
334 787 379 852 est)
400 805 523 854 perperam
540 805 555 837 a
572 786 640 836 nobis
655 789 710 836 sun-
742 787 798 836 addi
821 791 908 854 possit,
930 798 1003 854 atque
1024 805 1052 836 eo
1071 788 1184 836 lectorem
1201 805 1240 837 re-

215 871 322 921 damenti
333 872 384 921 loco
397 875 513 938 positum,
528 875 578 922 Res
586 875 663 938 plene
675 874 713 921 di·
744 875 869 921 mittimus.
894 875 953 939 Ergo
973 874 1040 922 locus
1058 873 1102 922 ille
1118 872 1240 923 Strabonis

214 972 300 1006 meus
329 973 381 1006 esso
406 961 511 1007 Pomm
534 966 560 1007 et
582 959 710 1007 incudem:
742 959 776 1007 sie
792 968 843 1007 erat
855 958 993 1008 vertendus:
1008 959 1186 1019 Quodsermn
1193 960 1239 1020 su-

216 1044 305 1109 quippe
327 1043 430 1092 eiusdem
451 1044 558 1093 officinae
582 1055 710 1109 utrumque
741 1046 790 1092 cito
805 1045 871 1108 opud
884 1060 924 1092 eos
938 1046 1058 1093 caelatur.
1083 1045 1164 1110 Neque
1182 1061 1238 1093 vero

215 1130 399 1178 intrumentum
414 1146 474 1188 esse;
497 1131 561 1177 torni
576 1146 645 1178 usum
661 1147 710 1177 esse
742 1129 781 1177 vel
797 1146 858 1178 unus
873 1129 936 1195 apud
952 1139 1044 1178 veteres
1058 1129 1190 1195 Scriptores
1204 1129 1240 1177 lo-

214 1215 322 1263 inferro
338 1224 363 1262 et
379 1216 464 1262 ceteris
480 1213 596 1274 metallis;
621 1224 646 1263 et
662 1216 709 1263 ler-
742 1231 784 1263 cus
799 1224 890 1279 exstat,
907 1232 954 1281 quo
972 1214 999 1262 T
999 1216 1074 1281 όρτος
1089 1215 1128 1263 vel
1142 1217 1240 1264 Tot-taus

214 1310 336 1363 ramenta,
358 1317 418 1365 quae
431 1299 475 1348 sub
492 1310 560 1348 torno
581 1300 642 1349 male
658 1317 712 1365 pro-
743 1300 848 1349 metallis
871 1299 1018 1349 elaborandis
1037 1300 1177 1350 adhibetur:
1197 1300 1240 1349 sed

215 1394 350 1448 cesserim,
374 1384 405 1433 ad
427 1385 537 1434 incudem
552 1384 630 1434 denuo
645 1403 711 1434 revo-
742 1388 824 1451 lignis
842 1396 935 1435 tantum
951 1396 976 1434 et
997 1387 1135 1450 lapidibus,
1157 1388 1238 1448 eloti,

214 1473 265 1520 cari
284 1470 368 1519 solere.
389 1470 449 1519 Saue
465 1470 550 1519 iubeo
567 1471 707 1520 etaliosse
740 1474 807 1520 uitro
831 1481 891 1520 cet:
918 1470 989 1538 idque
1010 1472 1061 1520 sola
1084 1473 1240 1520 rotundatio-

215 1556 291 1606 multo
310 1558 440 1622 sagaciores
462 1574 541 1605 secum
563 1556 637 1606 habet
659 1574 712 1605 sen-
742 1573 773 1605 ne
796 1558 835 1606 uel
859 1558 970 1607 circulari
988 1558 1119 1624 sculptura.
1151 1561 1239 1607 Auctor

216 1644 313 1691 tientes.
338 1644 458 1691 Dacierius
482 1642 578 1709 quidem
596 1641 642 1691 boe
663 1645 712 1692 evi·
743 1644 899 1710 Etymologici
921 1645 1015 1709 llagni:
1037 1643 1177 1694 Anoeocoo
1194 1643 1240 1694 ἰέ-

108 1748 113 1754 *
214 1730 274 1777 cisse
291 1727 338 1777 sibi
353 1730 415 1776 visus
428 1738 464 1777 est
480 1745 509 1777 ex
525 1727 645 1777 Strabonis
657 1728 709 1777 loco
741 1744 830 1794 χεσσι,
842 1728 1073 1795 φετορνειιμένοις,
1086 1737 1239 1797 τορνευτοῖς

214 1813 259 1864 sub
275 1815 347 1862 finem
362 1813 489 1862 librinll.
506 1811 594 1863 'Idm
610 1812 637 1862 δ’
652 1814 710 1862 tort
742 1816 760 1878 ἢ
771 1814 950 1881 στρογγύλοις.
966 1813 1040 1871 δῖψος
1049 1815 1238 1882 γὰρότόρνος,

216 1899 329 1966 Κιβύρᾳ
344 1902 377 1949 τὸ
402 1902 451 1948 τὸν
467 1899 577 1967 σίδηρον
598 1900 711 1966 voeatis-
742 1900 873 1965 Appuleius
883 1899 913 1948 de
923 1899 1022 1948 blundo:
1036 1902 1068 1949 Ut
1077 1903 1107 1949 iu
1120 1903 1240 1950 tonando

215 1987 284 2034 σθαι
298 1985 403 2050 ῥαδίως.
416 1986 449 2035 Id
463 1987 553 2048 Cibyra
561 1987 709 2048 beletpeeu·
740 1986 837 2042 artifex
852 1987 915 2033 solet
921 1986 1021 2050 forcipe
1033 1987 1165 2034 materiam
1177 2003 1240 2035 cotis·

215 2072 293 2133 liure,
317 2071 575 2134 quodfemmfacile
590 2071 657 2134 opud
671 2085 710 2117 eos
736 2072 884 2134 prehensum
910 2074 1032 2136 nombroca
1054 2073 1176 2119 volusius
1200 2088 1240 2120 ro-

215 2163 338 2204 toruotur.
367 2156 405 2204 ltu
427 2157 503 2204 versio
526 2157 626 2218 latina,
651 2171 711 2221 quae
744 2157 856 2205 tundore.
874 2157 1161 2220 PliniusllistXYI‚4⁰.
1176 2160 1240 2206 Πιο-

215 2242 288 2307 vulgu
312 2243 491 2304 circumfertur,
515 2241 644 2290 Strabonis.
669 2242 710 2290 Ni·
741 2244 1241 2307 retimlosotitessacerstorso.xt11,e.

215 2329 301 2377 mirum
317 2327 453 2376 evellendus
472 2337 508 2376 est
525 2345 554 2376 ex
570 2329 655 2376 animis
669 2326 711 2375 bo-
741 2329 849 2393 bs’gsmm
863 2328 937 2393 (Caci)
948 2331 1041 2390 firmae
1061 2330 1187 2393 duritiae,
1209 2345 1242 2378 es

214 2416 305 2462 minum
333 2415 461 2462 eommunis
488 2413 532 2461 ille
557 2430 638 2476 error,
667 2414 710 2478 qui
740 2414 1237 2477 qtsooeluresdetoruuntanulos.xl,89.

214 2499 301 2547 lazica
321 2501 399 2547 omnis
419 2508 468 2545 tam
487 2507 569 2546 vetera
588 2514 659 2563 quam
673 2515 711 2546 re-
742 2499 920 2562 Hippopotomi
940 2501 1006 2546 corii
1028 2502 1183 2564 crassitudo,
1209 2510 1241 2551 ui

213 2585 294 2633 centia
317 2584 456 2648 occupavit,
486 2584 574 2649 quique
599 2592 624 2632 et
647 2582 707 2632 mibi
738 2584 797 2631 iude
813 2590 943 2631 tornentur
959 2585 1054 2632 bustoe.
1074 2586 1184 2650 xxm,
1198 2590 1239 2636 ts.

213 2670 266 2734 ipse
289 2667 346 2717 dum
368 2667 446 2718 scribo
470 2679 496 2717 et
518 2678 621 2717 mentem
645 2670 707 2717 sorte
741 2670 861 2718 Turbiues
884 2670 925 2717 ito
946 2671 1036 2718 librati
1054 2674 1238 2737 pependerunt,

213 2755 269 2803 aliis
287 2757 404 2804 intentam
426 2753 516 2817 habeo,
538 2771 592 2803 cum
608 2771 646 2803 res
660 2756 707 2803 ista
738 2763 769 2803 at
784 2770 863 2820 puero
879 2757 1062 2822 circumagente
1081 2766 1241 2808 toruumtssr

214 2857 261 2890 non
281 2851 381 2907 agatur,
405 2840 477 2889 semel
494 2842 610 2889 iterumve
626 2840 708 2890 subre-
740 2842 870 2892 commuue.
887 2841 979 2892 Ibidem
997 2846 1035 2893 18.
1055 2846 1129 2894 Albos
1145 2847 1241 2910 Iapides

214 2929 270 2993 psit.
287 2928 369 2976 Omnes
385 2928 448 2974 enim
460 2928 561 2992 aprima
576 2925 709 2974 adolescen·
742 2935 813 2975 toruo
827 2928 952 2991 duriores,
965 2945 1035 2993 qatom
1046 2931 1144 2981 Parios.
1161 2933 1238 2981 Etae.

213 3015 250 3063 tia
265 3012 325 3061 salso
341 3012 464 3074 doeemur,
485 3011 609 3078 sonaim
623 3012 706 3060 latine
739 3013 771 3061 In
791 3015 885 3076 Sepboo
906 3016 973 3078 topia
993 3023 1045 3078 est,
1068 3019 1114 3080 qui
1135 3027 1241 3067 conates·

215 3115 266 3147 esse
284 3106 399 3161 tonsore,
415 3107 487 3164 atque
502 3095 566 3145 idem
582 3113 631 3144 esse
648 3095 711 3161 quod
726 3078 904 3160 ‘tornaturque
919 3100 949 3146 in
964 3115 1023 3148 cuso
1035 3103 1164 3165 coquendis
1175 3105 1240 3152 citis

214 3183 368 3250 cuneatim:
390 3199 444 3231 eum
459 3191 538 3232 tamen
554 3183 709 3230 certissimum
740 3184 828 3231 utilio.
846 3184 922 3231 Etae.
942 3185 1040 3233 Vitium
1051 3189 1197 3252 oliudflutu
1202 3191 1239 3250 fi—

213 3271 259 3331 sit,
273 3268 396 3334 τορεύειν
407 3267 472 3333 apud
485 3267 584 3316 Graecos
594 3283 710 3333 nusquam
738 3275 864 3332 geratur,
877 3270 949 3317 aliud
964 3278 1033 3319 torno
1045 3275 1153 3337 teritur,
1169 3276 1243 3323 atiud

213 3353 282 3404 uliud
311 3354 461 3419 significare,
495 3370 566 3419 quam
596 3355 707 3414 coelare,
739 3356 842 3417 argenti
854 3356 921 3403 modo
934 3359 1239 3426 eoclotur.lirgil.('1eorg.

214 3443 338 3506 ssadperc:
349 3438 406 3488 iude
420 3441 540 3488 Toreutee
548 3448 573 3488 et
581 3441 710 3488 Toreatiee
740 3438 771 3488 ΙΙ.
793 3439 846 3488 Nee
864 3442 938 3488 tilios
957 3444 1022 3491 leves
1036 3452 1063 3492 et
1078 3452 1147 3493 toruo
1161 3448 1242 3494 rosilo

212 3527 301 3577 Plinio:
325 3528 470 3575 Toreumuto
489 3524 594 3572 Ciceroni
609 3533 635 3572 et
650 3525 710 3572 blas·
740 3525 836 3573 becuns
853 3525 918 3575 Idem
932 3527 1240 3594 Ecl.111,aepoeutusa-

213 3614 280 3664 tiali:
296 3612 402 3661 Clemens
416 3612 526 3659 Stromat.
543 3610 562 3659 Ι.
580 3608 594 3658 ὁ
611 3609 666 3659 τῶν
681 3608 709 3658 ἐν
741 3611 816 3676 ginis:
828 3614 907 3660 Ieme
922 3615 1009 3676 quibus
1026 3622 1095 3662 tomo
1102 3614 1184 3675 sacili
1199 3633 1241 3666 su-

212 3707 275 3757 ταῖς
297 3705 436 3766 σφραγῖσιν
458 3695 645 3755 incombustum
664 3713 712 3743 το-
739 3698 873 3760 peraddito
889 3700 966 3746 vitis:
984 3700 1098 3762 Diffusus
1113 3702 1185 3749 edera
1200 3718 1240 3751 ne-

213 3787 352 3853 octaceoc:
373 3783 510 3851 τορνεὺενν
535 3791 632 3843 eontra,
653 3779 714 3828 nibil
746 3785 796 3829 etit
806 3785 918 3847 pollente
929 3788 1059 3848 comodere.
1074 3787 1148 3851 Quem
1160 3787 1239 3836 locum

214 3871 435 3937 aliudesse‚quam
447 3867 709 3930 tornare‚r0tendare.
742 3870 836 3934 egregie
859 3868 994 3934 explicabat
1015 3871 1079 3920 idem
1099 3872 1237 3923 Salmasius:

213 3955 281 4019 Quod
287 3958 322 4006 ita
335 3958 387 4005 fuse
401 3954 540 4021 eruditeque
553 3952 657 4002 ostendit
664 3951 714 4000 Sal-
744 3954 905 4017 usperodde'to
912 3955 993 4015 sacili
1010 3964 1090 4021 tomo,
1107 3975 1162 4008 casu
1178 3958 1239 4008 dati·

215 4038 708 4105 masiusinl'linianis‚utvixquidquam
740 4055 781 4086 vo:
808 4038 854 4087 hoc
875 4051 927 4103 est,
952 4041 1100 4108 lignoprius
1115 4047 1237 4109 torniope
