2752 4844
454 402 513 464 no
544 405 762 466 risos-ns.
1057 387 1115 470 2'11

107 606 174 693 Qui
194 627 322 706 purgor
343 603 445 675 bilem
466 602 531 674 sub
554 606 645 675 verni
665 608 825 700 temporis
847 607 981 678 horam!
1035 618 1115 678 302.

107 723 181 793 Non
204 723 291 793 alius
316 721 439 792 faceret
462 718 599 792 meliora
623 726 788 818 poemata.
815 724 939 796 Verum
1033 735 1115 796 30&

98 922 141 973 ille
157 934 227 989 poeta
239 940 359 989 nunquam
376 941 400 972 se
415 924 531 972 commisit
548 940 596 972 me·
628 933 691 972 recte
716 922 790 973 curet.
815 927 910 975 Licinus
934 927 983 975 snit
1005 926 1127 976 excellens

99 1007 164 1071 dico,
173 1018 201 1056 ut
209 1019 350 1074 purgaretur
357 1008 444 1071 bilem,
454 1025 497 1073 ego
507 1025 594 1074 purgor
626 1018 719 1074 tonsor,
737 1020 761 1058 et
777 1013 819 1076 qui
834 1006 1011 1060 simul'morbos
1025 1013 1125 1061 nonnul·

100 1095 232 1159 quotannis.
257 1095 302 1142 Ille
319 1103 397 1143 manet
414 1095 530 1156 insanus,
553 1110 596 1159 ego
628 1093 664 1142 los
677 1094 768 1145 mederi
778 1099 857 1147 sciret.
874 1097 949 1145 lulius
962 1096 1043 1145 Caesar
1057 1112 1126 1158 eum,

97 1195 180 1242 sanus,
201 1189 225 1228 et
240 1189 364 1245 propterea
379 1196 426 1227 non
443 1180 504 1227 facio
522 1178 594 1241 bonos
626 1179 693 1228 nulla
718 1181 765 1229 alia
792 1199 817 1230 re
845 1180 1049 1244 commendatum,
1079 1181 1126 1233 nisi

97 1281 184 1314 versus.
209 1264 318 1312 Horatius
332 1266 440 1314 Licinum
457 1274 526 1312 vocat
543 1272 595 1312 tort-
627 1264 691 1330 quod
708 1266 842 1332 Pompeium
858 1267 942 1316 acerbe
960 1267 1061 1330 odisset,
1079 1285 1126 1321 non

97 1364 190 1413 aorem,
215 1367 284 1416 quem
305 1349 345 1398 hic
366 1366 448 1398 vocare
472 1349 592 1398 debuisset
625 1351 721 1398 fecisset
744 1362 883 1401 senatorem.
910 1354 938 1400 Et
959 1352 1056 1401 Licinus
1078 1354 1126 1400 iam

97 1436 222 1484 modicum.
252 1436 362 1484 Tonsores
387 1445 411 1483 et
434 1434 520 1484 meclici
546 1453 592 1483 non
621 1436 676 1484 'erat
690 1435 853 1503 clives,quum
861 1437 1047 1487 fiebatsenator.
1063 1439 1125 1501 Quas

98 1531 164 1568 eraut
187 1520 225 1569 illi
246 1519 341 1586 quidem
361 1519 447 1581 iidem,
469 1531 497 1568 ut
513 1537 590 1586 neque
624 1520 719 1569 divitias
728 1539 757 1570 ex
774 1523 823 1571 sola
836 1522 949 1571 tondendi
963 1526 1065 1572 artevix
1079 1523 1126 1575 sibi

99 1609 238 1655 tonstrinae
252 1617 276 1654 et
289 1605 595 1668 medicinae,habebatur-
628 1623 761 1671 comparare
777 1610 902 1673 potuisset.
925 1608 1035 1657 Novimus
1051 1607 1127 1658 homi-

97 1708 143 1757 qne
167 1690 310 1740 medicorum
331 1707 368 1738 ars
389 1690 471 1756 paullo
496 1690 595 1739 honora·
628 1708 681 1739 nem
705 1692 925 1759 ex‘l’orphyrione:
940 1694 1072 1759 ¹»Lycinus
1092 1693 1128 1742 di-

97 1778 151 1825 tior.
168 1776 214 1824 Sed
227 1775 339 1824 credibile
354 1784 390 1824 est
404 1786 509 1824 tonsores
526 1793 595 1842 saepe
629 1775 727 1824 sebatur
741 1787 820 1826 tonsor
833 1778 1039 1843 opulentissimus,
1054 1795 1126 1844 quem

97 1863 168 1910 etiam
192 1871 270 1927 partes
292 1864 367 1926 egisse
390 1860 534 1910 medicorum
556 1861 596 1909 vel
628 1870 710 1927 postea
736 1861 818 1912 dicunt
843 1864 933 1911 iactum
957 1873 1088 1912 senatorem
1112 1882 1128 1914 a

10 1951 16 1961 '
97 1946 267 2014 chirurgorum.
284 1947 385 2012 Utraque
401 1964 438 1995 ars
453 1947 591 2013 cognatione
624 1946 733 2010 Caesare,
748 1947 940 2014 quiadicebatur
953 1945 1125 2001 nimumoffie

97 2033 199 2100 quadam
220 2033 348 2081 coniuncta
372 2050 421 2081 esse
446 2031 595 2084 censebatur.
629 2049 653 2080 se
670 2033 833 2099 Pompeium.”
857 2034 1041 2083 Commentators
1064 2035 1127 2097 »li-

96 2119 180 2169 Eadem
197 2121 276 2185 opinio
292 2117 334 2168 diu
351 2128 403 2183 post
419 2119 445 2166 in
462 2118 593 2166 recentiore
628 2118 695 2165 cinus
718 2135 803 2166 nomen
826 2120 926 2167 tonsoris
951 2120 1052 2183 famati,
1085 2122 1129 2186 qni

86 2207 186 2271 'Europa
209 2207 311 2269 viguit,
333 2215 409 2268 neque
434 2201 504 2249 hodio
531 2200 595 2266 apud
627 2211 709 2266 postea
729 2201 818 2250 dicitur
839 2204 917 2251 sactus
933 2214 1027 2252 senator
1042 2222 1057 2252 a
1072 2205 1126 2253 Gae-

95 2308 138 2340 nos
153 2292 188 2339 ita
205 2291 327 2355 antiquata
345 2297 396 2350 est,
414 2297 442 2335 ut
459 2303 505 2334 non
521 2287 594 2334 inter-
627 2302 696 2348 sare,
721 2285 783 2351 quod
807 2285 895 2335 odisset
918 2289 1071 2353 Pompeium,
1096 2288 1127 2338 de

95 2375 158 2434 dum.
173 2382 282 2424 tonsores
302 2372 455 2439 appellentur
471 2372 593 2435 chirurgi.
627 2387 674 2436 quo
695 2369 740 2418 hoo
761 2373 875 2436 scriptum
899 2377 934 2420 est
956 2372 1124 2438 Epitaphium:

94 2462 205 2510 Tonsores
220 2461 306 2508 Romae
319 2456 412 2506 morbos
424 2454 537 2522 quosdam
554 2472 596 2507 et·
626 2456 753 2506 Marmoreo
775 2456 866 2504 tumulo
888 2458 983 2507 Licinus
998 2459 1075 2522 iaeet,
1101 2469 1126 2507 at
1225 2461 1227 2469 '

95 2558 174 2596 ternos
181 2563 285 2608 curasse,
301 2553 412 2610 apparet,
423 2540 544 2602 nisallor,
563 2556 592 2588 ex
625 2539 679 2587 Cato
690 2540 772 2603 nullo,
784 2542 907 2607 Pompeius
921 2559 1005 2608 parvm
1021 2545 1125 2610 quispa-

95 2631 218 2698 proverhio
242 2629 305 2695 apud
328 2628 451 2677 Horatium
476 2625 550 2674 Serm.
570 2623 594 2686 l,
627 2633 664 2672 tet
678 2641 726 2672 esse
739 2625 836 2676 Deosi'”
853 2628 886 2674 De
900 2626 944 2675 hoc
952 2629 1128 2692 Epigrammata

95 2729 143 2778 vu,
156 2718 180 2764 3.
200 2716 316 2762 Omnibus
331 2721 357 2760 ot
373 2713 452 2776 lippis
467 2717 551 2758 uotum
567 2716 593 2756 et
624 2707 677 2758 vide
694 2710 819 2759 Burmann.
837 2713 862 2759 in
877 2711 974 2761 Anthol.
989 2712 1014 2761 'l'.
1029 2713 1054 2775 1,
1068 2731 1126 2781 pap.

96 2801 241 2850 tamasim.
258 2800 401 2864 Quamquam
417 2794 479 2843 illud
495 2810 591 2860 prover·
621 2795 678 2843 205.
701 2795 844 2860 Quamquam
865 2778 931 2844 dictu
953 2795 1050 2845 difficile
1072 2801 1117 2861 sit,

94 2885 160 2936 bium
176 2885 247 2949 vulgo
263 2883 334 2932 aliter
351 2881 498 2946 explicetur,
521 2879 589 2928 credo
622 2881 675 2945 quis
689 2880 732 2927 ille
749 2880 824 2928 suerit
837 2881 945 2945 Licinus,
963 2880 1067 2931 diversae
1080 2900 1123 2934 au·

93 2972 134 3038 agi
150 2970 178 3020 (le
195 2971 300 3031 officina,
317 2969 342 3016 in
358 2984 405 3033 qua
418 2976 496 3014 tonsor
511 2964 591 3013 oculos
624 2974 673 3013 tem
694 2974 750 3013 sunt
771 2967 892 3031 opiniones
914 2968 1072 3031 interpretum
1091 2967 1122 3018 ael

92 3054 246 3125 lippientium
268 3053 407 3120 inungebat.
432 3051 457 3100 si
481 3050 592 3098 Horatius
609 3050 773 3130 iuvenalem,
787 3052 904 3114 Persium,
919 3051 1122 3114 Suetonium,lsie

92 3161 136 3209 per
158 3144 238 3207 lippos
256 3139 376 3189 tabernam
396 3136 539 3186 medicorum
556 3152 594 3183 co-
625 3136 720 3184 licinus
742 3153 789 3184 non
810 3133 906 3184 videtur
930 3138 1003 3185 fuisse
1019 3136 1121 3189 libertus

92 3231 202 3294 gitasset,
219 3227 348 3291 scripsisset
361 3225 451 3289 potius:
475 3221 592 3270 Omnibus
623 3221 736 3286 Augusti,
754 3237 815 3270 uuus
826 3238 855 3270 ex
872 3211 1004 3287 iis,'quos,
1022 3232 1049 3271 ut
1065 3241 1120 3274 nar·

92 3322 118 3363 et
132 3315 236 3362 medicis
248 3317 365 3360 ootomet
378 3309 524 3357 tonsoribus.
542 3306 587 3353 llo·
619 3315 656 3354 rat
663 3305 927 3372 Suetoniusinlugust.
937 3310 978 3367 67,
994 3309 1023 3357 itt
1030 3310 1119 3363 honore

90 3401 167 3448 ratius
182 3397 252 3447 dicit:
269 3403 343 3460 capot
353 3394 505 3442 commiserit
520 3392 590 3439 Lici-
621 3399 647 3439 et
662 3407 709 3438 usar
724 3392 832 3439 maximo
848 3393 941 3440 troierit.
961 3392 986 3441 Si
1001 3392 1041 3442 hic
1057 3394 1119 3444 lici·

91 3501 129 3535 no.
146 3483 327 3533 Ommittimus
337 3480 411 3529 alicui
420 3477 584 3544 aliquid,rem
617 3493 661 3525 nus
677 3486 755 3524 tonsor
768 3477 869 3543 Augusti
886 3477 988 3540 suisset,
1005 3479 1119 3530 Horatios

91 3569 284 3635 plerumquenon
297 3566 385 3628 levam,
400 3563 490 3612 homini
499 3564 586 3628 perito.
620 3561 649 3610 de
667 3579 694 3610 eo
709 3579 756 3612 non
769 3579 822 3612 cum
836 3573 956 3613 contemtu
969 3563 1115 3628 loqueretur.

36 3708 39 3713 ,
91 3651 536 3714 elaeonem.1,1r.omcapoa
553 3663 591 3696 ac-
622 3647 703 3713 Neque
723 3647 766 3699 ille
785 3650 859 3698 cuivis
881 3650 963 3702 insano
978 3648 1122 3703 medicinam.

92 3747 204 3789 stromrt
216 3737 339 3787 dubitatis
351 3735 462 3797 credere,
482 3735 530 3782 Coi
542 3734 590 3782 col·
622 3733 731 3794 fecisset,
745 3733 797 3796 vel,
812 3743 839 3781 nt
852 3733 891 3782 hio
905 3733 988 3782 volunt
1000 3733 1117 3800 interpra-

91 3824 195 3875 eoondos
210 3837 278 3870 necno
293 3823 416 3870 conmisit
426 3820 509 3886 pedes.
531 3819 592 3867 Nam
623 3827 675 3880 tes,
694 3827 765 3882 caput
781 3815 928 3866 totondisset.
989 3851 991 3857 ,

93 3919 145 3960 erat
153 3909 197 3958 ille
209 3909 290 3955 malm
298 3914 375 3955 sotor.
392 3907 427 3954 De
440 3909 497 3956 torto
510 3914 589 3954 sutore
654 3903 704 3952 Sub
720 3904 791 3952 versi
808 3903 925 3966 temporie
937 3903 1027 3953 horam.
1045 3903 1118 3955 Poeta

92 4013 139 4045 non
155 3995 191 4043 ita
207 3992 311 4041 dixisset.
331 3991 388 4041 Nam
403 3993 429 4040 in
446 4009 472 4040 eo
488 4009 534 4041 non
552 4000 587 4039 est
619 3991 644 4039 in
660 3987 756 4037 Anthol.
769 3988 795 4037 Τ.
805 3988 827 4050 l,
837 4003 860 4054 p.
872 3988 928 4037 1³0.
944 3989 1032 4037 Mutat
1048 3996 1120 4045 terro,

92 4080 237 4148 periculum,
250 4093 280 4126 ne
293 4093 342 4126 rem
356 4078 498 4127 commissam
511 4077 588 4126 minus
620 4077 698 4135 m'cm,
707 4075 821 4122 commui
829 4075 1028 4138 temporisooros
1038 4075 1117 4127 lacto
