2752 4844
177 368 233 428 136
439 369 651 429 llOIlthl
683 322 927 431 Eclsrcts
1008 390 1013 401 ·

203 568 299 639 Tolle
325 592 467 639 memor:
491 572 590 640 certis
616 570 763 641 medium
789 579 823 642 ct
844 568 1020 642 tolerabile
1042 564 1144 636 rebus

203 688 307 758 Recte
333 686 481 757 concedi.
510 687 693 760 Consultus
713 691 796 761 iuris
818 698 852 762 et
877 697 970 761 actor

204 805 406 876 Caussarum
425 805 608 877 mediocris
632 807 725 879 abest
748 811 873 880 virtute
895 808 1008 880 diserti

203 923 382 1013 Messalae,
407 947 471 994 nec
492 925 580 1015 scit,
605 934 772 1018 quantum
800 927 983 998 Caesellius
1006 924 1132 995 Aulus:

127 1058 131 1063 ·
204 1040 269 1111 Sed
290 1042 460 1111 tamenin
484 1044 593 1138 pretio
615 1052 675 1114 est.
699 1045 925 1118 Mediocribus
944 1067 1016 1116 esse
1039 1043 1168 1138 poetis,

204 1161 279 1231 Non
299 1159 469 1250 homines,
495 1184 564 1230 non
584 1162 649 1253 Dl,
674 1187 743 1234 non
766 1187 958 1236 concessere
977 1164 1167 1233 columnae.

173 1409 198 1456 p.
212 1393 275 1455 517,
296 1397 360 1442 visus
382 1404 418 1442 est
438 1394 486 1444 sihi
503 1396 593 1460 primm
608 1393 670 1442 banc
702 1391 758 1453 buit
774 1400 857 1440 auctor
871 1390 993 1451 versusin
1005 1386 1103 1436 Aeneid.
1117 1384 1203 1452 Virgil.

173 1477 300 1526 formulam
313 1477 460 1543 observasse,
477 1496 538 1547 qua,
551 1490 580 1528 ut
597 1479 670 1537 dicit,
702 1479 816 1540 marr.
843 1477 908 1540 (laps
929 1476 997 1525 dicia
1017 1489 1114 1522 νισνισν.
1135 1473 1204 1521 Tolle

173 1579 227 1610 cum
251 1562 413 1628 indignatione
443 1581 490 1614 non
519 1565 671 1614 attendentes
702 1565 811 1626 dietam,
832 1572 861 1611 ut
883 1561 944 1610 alibi
965 1560 994 1609 de
1013 1559 1105 1609 Lucilio
1124 1559 1202 1624 Satyr.

172 1645 281 1697 iubemus
297 1665 366 1698 aures
382 1661 407 1698 et
422 1651 527 1699 animum
539 1650 670 1699 advertere.
704 1651 781 1714 l,1v,
797 1651 836 1698 11.
861 1649 921 1697 Cam
934 1649 1030 1711 flames
1050 1647 1203 1707 lutulentus,

173 1728 287 1798 Equidem
302 1734 342 1784 hie
355 1738 427 1784 etiam
440 1736 492 1785 loca
500 1736 573 1802 probe
587 1726 673 1785 ἀίσσει-
705 1743 761 1784 mai
776 1735 839 1799 qnod
855 1736 939 1783 tollere
955 1735 1037 1782 velles.
1064 1731 1124 1780 Sunt
1136 1731 1205 1779 enim

173 1818 251 1867 nenda
267 1837 316 1868 esse
332 1820 442 1871 arbitror.
457 1822 514 1870 Nam
528 1821 674 1887 indignatio
704 1820 764 1869 haec
779 1818 852 1869 verba
867 1820 938 1868 amici
954 1818 1142 1884 interpellantis:
1158 1817 1205 1866 Lu-

173 1920 220 1951 non
237 1921 328 1971 semper
344 1906 456 1956 adiuncta
473 1917 522 1970 est,
544 1906 671 1972 sedsaepe
704 1906 775 1954 cilius
805 1916 900 1969 tamen,
935 1907 1042 1972 quamvis
1069 1903 1205 1952 lutulentus

174 1991 251 2037 amica
273 1991 419 2055 admonitio,
445 2009 518 2058 quum
541 1992 584 2054 id,
610 1991 673 2057 quod
705 1991 779 2055 fluat,
795 1992 872 2041 multa
884 1990 972 2055 babet,
989 2006 1049 2057 quae
1063 1988 1124 2038 bona
1135 1997 1205 2050 sunt,

177 2073 267 2121 dicturi
282 2091 375 2139 sumus,
392 2076 496 2126 auditori
508 2079 624 2143 imprimis
637 2094 677 2127 cu·
708 2093 769 2143 quae
786 2077 898 2126 tollaset
914 2087 994 2126 tecum
1009 2085 1096 2142 portes.
1117 2072 1206 2121 Ambu-

175 2176 216 2208 rae
238 2160 350 2227 cordique
366 2163 418 2211 sore
434 2179 571 2228 speramus,
589 2163 629 2212 vel
646 2180 675 2212 ex
707 2163 785 2213 lantes
798 2163 891 2230 aliquid
900 2164 1034 2212 invenimus
1043 2161 1110 2209 humi
1116 2161 1205 2209 iucem.

179 2246 262 2294 multis
281 2248 386 2314 aliquem
402 2265 476 2299 unum
500 2250 623 2313 volumus,
648 2248 679 2297 ad
710 2249 736 2298 Si
751 2249 816 2298 illud
831 2249 933 2299 alicuius
949 2251 981 2298 sit
996 2248 1083 2314 pretii,
1100 2245 1207 2294 tollimus

177 2347 247 2397 quem
270 2331 334 2382 dieta
356 2345 436 2383 nostra
455 2336 599 2400 pertineant.
624 2335 674 2383 lam
707 2344 732 2384 et
752 2336 778 2384 in
796 2337 850 2384 sinu
865 2333 1020 2385 recondimus.
1044 2332 1084 2382 Vir
1099 2332 1206 2396 sapiens,

175 2417 274 2466 Plautus
290 2420 369 2466 utitur
385 2421 411 2468 iu
426 2420 518 2468 Cureul.
534 2420 574 2482 lt,
590 2421 674 2483 11‚30.
707 2419 773 2485 apud
791 2420 927 2481 Horatium,
950 2419 1060 2483 ingentes
1084 2416 1209 2465 thesauros

176 2503 247 2549 JIeas
259 2510 301 2567 ta,
317 2505 367 2551 tihi
376 2519 421 2568 ego
434 2505 496 2553 dieo.
508 2505 600 2552 >ductor
613 2504 677 2553 Pria·
708 2505 777 2554 oculo
797 2506 918 2552 irretcrto
939 2511 1040 2569 spectat.
1067 2500 1093 2548 si
1114 2511 1207 2567 posset,

174 2588 283 2652 peiorum
303 2589 329 2636 in
345 2588 442 2638 Antbol.
460 2589 478 2638 l.
494 2589 512 2638 l.
535 2591 617 2652 Heus,
634 2593 674 2638 in·
705 2607 753 2639 non
769 2591 876 2638 tolleret.
894 2586 1035 2637 Plutarchus
1050 2588 1076 2634 in
1092 2585 1207 2635 Themist.

172 2672 245 2735 quit,
267 2674 317 2720 tihi
337 2674 457 2739 dicimus,
475 2676 582 2725 decada
605 2675 670 2725 Ovis.
704 2692 757 2741 cap.
776 2675 857 2724 xvur.
885 2673 941 2724 τῶν
963 2690 994 2722 τε
1017 2673 1119 2739 νεκρῶν
1142 2672 1209 2729 τοὺς

174 2757 390 2823 ueram.1x,1ao.
407 2762 459 2820 Quo
473 2763 615 2825 tefidacia,
626 2764 675 2810 ehr-
707 2760 869 2818 ἐκπεσόντας
889 2758 1039 2810 intonanda
1060 2760 1135 2825 παρὰ
1156 2761 1208 2822 τὴν

174 2851 242 2907 enat,
260 2845 327 2893 Vana
335 2846 675 2912 pedam,>violcnte,rapii?
707 2846 865 2910 θάλασσαν,
890 2845 924 2904 ὡς
945 2837 1006 2897 aide
1033 2845 1209 2912 περικείμενα

176 2931 243 2993 titi,
272 2932 352 2981 Nesse
381 2934 511 2996 disemis,
541 2935 674 2996 Dicimus,
706 2932 805 2992 diibus
846 2936 933 3000 χρυσᾶ
963 2933 1009 2982 καὶ
1040 2931 1206 2999 στρεπτοὺς,

176 3016 275 3065 eraudi.
298 3017 418 3067 Phaedrus
433 3019 476 3083 IV,
490 3021 530 3068 lo.
552 3019 676 3071 Abiturus
710 3018 794 3077 αὐτὸς
810 3016 859 3080 μὲν
875 3019 1023 3086 παρῆλθε,
1045 3019 1084 3087 τῷ
1100 3017 1126 3066 d'
1142 3015 1208 3066 ἑπα-

174 3102 254 3163 illac,
275 3118 321 3165 quc
335 3106 433 3168 priores
451 3106 583 3167 obierunt,
606 3105 674 3163 Quid
705 3104 775 3171 μένῳ
792 3104 860 3170 φίλῳ
869 3104 976 3170 δείξας,
990 3096 1075 3156 εἶπεν·
1088 3102 1206 3153 'Arsinia

174 3193 256 3233 menta
272 3192 470 3239 cmeomiseram
484 3192 672 3256 torqassspiri-
704 3191 807 3258 σαυτῷ.
834 3191 866 3240 σύ
890 3196 942 3259 γὰρ
965 3193 1013 3241 οὐκ
1030 3181 1057 3241 εἷ
1074 3188 1207 3250 Θεμιστα-

178 3268 254 3318 tum?
276 3274 335 3320 Tibi
350 3275 420 3338 dico,
445 3292 534 3339 cnara,
552 3277 675 3342 gaudiam
708 3275 780 3342 κλῆς.
808 3277 903 3326 Dictum
924 3279 1036 3344 Antigoni
1062 3278 1125 3325 inter
1148 3274 1208 3323 alios

178 3357 293 3406 haeredis
310 3361 358 3409 tui.
376 3360 420 3408 ubi
435 3362 505 3426 plura
521 3364 676 3412 burmannus.
709 3365 812 3412 semovit
821 3362 936 3413 Stobaeus
945 3364 1017 3412 Serm.
1027 3364 1066 3412 47.
1081 3360 1121 3409 Εἰ
1131 3360 1208 3426 ᾔδεις

178 3443 285 3492 Catullus
308 3445 381 3494 (ianm
404 3447 476 3495 XXX.
505 3449 677 3513 significatione
710 3449 777 3498 ὅσων
807 3448 895 3498 κακῶν
921 3448 1019 3510 μεστόν
1049 3446 1104 3495 ἔστι
1123 3447 1208 3494 τοῦτο

179 3528 244 3578 baud
261 3531 362 3579 multum
380 3531 489 3581 dissimili
505 3536 559 3582 dico
575 3537 678 3600 posuisse
711 3535 744 3585 τὸ
771 3533 862 3600 ῥάκος,
892 3533 983 3590 δείξας
1008 3532 1041 3581 τὸ
1067 3529 1207 3594 διάδημα,

178 3615 282 3666 videtur.
300 3615 390 3665 Eheu!
405 3619 466 3682 quid
474 3619 591 3682 faciant,
608 3621 677 3684 dico,
712 3620 761 3670 oia
771 3620 805 3670 ἂν
818 3621 863 3670 ἐπὶ
878 3619 987 3685 κοπρίας
1002 3618 1124 3677 κείμενον
1137 3615 1207 3667 αὐτὸ

178 3703 301 3767 honines,
315 3706 401 3767 quoivs
414 3703 677 3767 habeontfidem?bo
709 3708 868 3767 ἐβάστασας.
893 3704 1028 3752 Ammianus
1057 3702 1209 3752 Marcellinus

178 3786 232 3837 dem
261 3788 386 3839 referenda
415 3801 471 3839 sunt
494 3792 539 3840 illa
562 3795 677 3841 oratoria:
710 3793 792 3855 XXX,
808 3807 863 3858 pag.
882 3790 943 3857 461:
962 3790 1139 3838 lbaaistoclas
1153 3805 1209 3838 eam

178 3873 258 3924 dicem
275 3877 337 3940 quod
351 3878 448 3940 sentio,
470 3878 597 3927 &cendam
613 3880 679 3926 enim
706 3888 766 3942 post
776 3892 886 3944 pugnam
898 3877 1045 3942 agminaque
1056 3876 1138 3924 ‹leista
1148 3878 1209 3924 Par-

179 3966 225 4008 cet.
248 3963 314 4010 Tolle
329 3964 379 4011 tibi
395 3964 489 4012 dicium
499 3981 589 4012 memor
602 3962 676 4012 habet
708 3981 791 4012 soram
815 3965 919 4012 licenter
943 3963 1097 4010 obambulans
1120 3964 1206 4009 armil-

179 4042 359 4096 similitudinem
374 4049 504 4111 formulae,
520 4066 591 4115 quarn
612 4048 680 4097 adhi-
712 4051 751 4096 las
771 4065 859 4098 oureus
879 4050 986 4097 vidisset
1001 4051 1071 4097 humi
1084 4051 1208 4112 praestas
