2752 4844
184 403 221 462 52
443 400 655 461 HORATII
685 397 929 458 EPISTOLA

118 568 121 575 Ι
207 603 358 673 Primum
378 603 442 696 ipsi
459 599 541 688 tibi3
562 609 647 671 *tuno
661 609 721 674 tua
746 621 799 668 me
816 595 997 666 infortunia
1019 595 1165 685 laedent,

178 841 231 874 cum
247 841 305 891 pera
320 823 491 873 mendicantem
506 826 532 872 in
545 823 672 888 Tragoedia
705 824 885 886 consuetudine,
899 826 967 874 ruodo
980 828 1050 892 regie
1059 824 1126 874 modo
1135 840 1200 872 neen-

177 909 281 959 induxit.
292 907 441 976 ’στρώσας
452 927 499 958 nou
512 907 672 970 estdchilles,
705 909 771 971 diei,
784 926 830 957 non
844 921 947 968 constat,
959 911 1004 960 hoe
1017 921 1121 972 constat,
1133 909 1201 958 Tele-

175 994 219 1044 sed
243 997 316 1044 hasta
334 998 426 1045 Pelias.
451 996 535 1044 Hastae
560 994 673 1043 peliades
705 993 778 1058 phum
801 994 873 1060 vulgo
895 995 1001 1044 locutum
1022 1014 1072 1044 csse
1093 997 1200 1060 tragice,

177 1097 257 1129 omnes
277 1082 328 1130 iere
349 1099 433 1130 nomen
453 1083 479 1129 iu
500 1079 545 1128 hac
563 1095 588 1126 re
605 1064 672 1126 usur·
704 1078 745 1127 scd
757 1080 904 1142 mendicum,
918 1080 1049 1130 humiliter.
1067 1082 1140 1145 Quam
1154 1090 1201 1127 tra·

176 1176 242 1231 pant.
258 1166 314 1215 tide
327 1168 436 1214 Burman.
450 1163 481 1213 ad
493 1163 589 1212 inthol.
605 1165 630 1211 Τ.
646 1164 670 1227 l,
704 1166 755 1230 gice
771 1165 895 1230 loquatur,
912 1168 992 1213 statim
1009 1183 1037 1216 ex
1053 1168 1123 1214 initio
1136 1165 1201 1213 vide-

177 1266 202 1316 p.
212 1253 252 1300 83.
271 1262 296 1299 et
312 1249 674 1316 Propert.11,1,ee.rduncke-
706 1265 770 1311 mue,
792 1250 854 1315 qnod
875 1252 975 1298 servavit
996 1252 1120 1318 Dionysius
1137 1251 1202 1299 Hali·

177 1352 219 1385 rus
232 1335 262 1384 ad
271 1337 357 1402 Hygin.
374 1352 399 1401 p.
415 1337 474 1397 161,
489 1336 577 1400 optime
591 1335 616 1381 in
629 1334 673 1381 Ae·
704 1351 803 1384 carnaea.
814 1334 842 1383 de
851 1335 973 1401 Comperit.
989 1335 1129 1399 Verborum,
1145 1353 1199 1401 pag.

174 1420 238 1468 ‘lieni
252 1421 312 1470 Hist,
327 1422 402 1469 inim.
417 1419 442 1482 1,
456 1423 485 1482 δ,
500 1435 542 1485 pro
559 1424 595 1483 τῇ
610 1417 673 1483 Πη-
706 1421 760 1468 105.
777 1419 814 1468 ed.
826 1420 927 1470 Stcreot.
946 1415 987 1469 Ὦ
1004 1427 1071 1485 γαῖα
1086 1423 1199 1488 πατρὶς,

177 1504 277 1554 λιίτιδι
302 1506 374 1572 βολῇ
395 1507 501 1555 restituit
525 1504 669 1568 Πηλειάδι.
704 1505 737 1568 ἣν
751 1502 846 1564 Πέλοψ
863 1505 998 1573 ὁρίζεται,
1017 1506 1113 1574 Χαῖρ’,
1133 1508 1201 1564 ὅςτε

175 1590 259 1639 Helius
275 1600 353 1640 tamen
369 1589 500 1656 Πηλιάδι.
522 1589 578 1638 tide
592 1589 671 1638 Iacob
703 1590 800 1655 πέτρον
841 1589 985 1658 Ἀρκάδων
1023 1591 1200 1658 δυσχείμερον

176 1677 237 1724 sium
254 1676 284 1724 ad
300 1678 317 1725 l.
334 1677 352 1726 l.
366 1678 466 1726 Aeliani.
492 1678 520 1725 Et
536 1678 669 1742 quantitas,
704 1673 787 1742 [Πὰν]
813 1677 982 1738 ἐμβατεύεις.
1010 1677 1092 1728 ἔνθεν
1119 1678 1201 1744 εὔχο-

175 1779 190 1810 ι
209 1765 285 1828 poetis
307 1765 397 1812 latinis
419 1781 510 1829 semper
534 1761 668 1824 observata,
702 1779 750 1821 μαι
764 1761 847 1824 γένος.
863 1763 944 1828 Αὔγη
957 1767 1009 1830 γὰρ
1022 1762 1123 1814 Ἀλέου
1137 1771 1201 1820 παῖς

175 1847 236 1896 iacit
252 1865 293 1913 pro
307 1846 437 1912 Πηλιάδα
455 1850 484 1895 111
496 1857 520 1895 et
530 1845 672 1910 Πηλείδης
705 1865 738 1904 με
752 1848 790 1912 τῷ
808 1847 943 1914 Τιρυνθίῳ
956 1850 982 1898 Τ
982 1853 1050 1901 ι’κτει
1064 1851 1201 1916 λαθραίοις

176 1942 202 1980 et
224 1933 324 1981 Pelides
342 1933 473 1998 penultima
494 1931 621 1997 producto,
639 1933 672 1979 sic
704 1927 847 1996 Ἡρακλεῖ.
872 1931 972 1987 ἕίνοιδ
1000 1934 1058 2001 ὅρος
1082 1935 1201 2001 Παρθέ-

175 2033 190 2065 a
211 2014 317 2082 Πηλιάς
338 2028 373 2066 est
395 2019 494 2078 Pelias,
520 2015 600 2064 eadem
624 2032 674 2063 cor·
705 2034 777 2074 νιον,
806 2015 876 2065 ἔνθα
894 2019 986 2086 μητέρ’
1011 2020 1112 2069 ὠδίνων
1136 2023 1201 2085 ἐμὴν

174 2112 251 2166 repta.
268 2103 388 2168 Apponam
404 2119 485 2151 versus
496 2100 573 2150 Ovidii
586 2118 615 2149 ex
629 2101 673 2149 Re·
705 2099 822 2152 ''Eiocrr
835 2101 997 2154 Εἰλείθυια.
1015 2107 1076 2154 Haec
1089 2116 1152 2154 certe
1165 2108 1201 2153 ni·

174 2187 236 2237 med.
251 2190 291 2238 47.
312 2191 412 2238 'Vulnus
429 2191 458 2237 ν’νι
479 2189 597 2236 Herculeo
613 2204 673 2250 quae
705 2188 740 2236 hil
764 2191 842 2238 minus
860 2200 915 2238 sunt
937 2208 1006 2257 qnam
1026 2194 1147 2240 sunnonis
1158 2208 1201 2255 pe-

173 2275 291 2338 quondom
311 2276 411 2336 fecorat
437 2277 521 2336 hoste,
557 2274 671 2322 Vulneris
702 2275 808 2338 destris,
822 2277 898 2324 omnia
914 2287 993 2325 autem
1006 2281 1107 2343 poetica.
1124 2280 1200 2344 Atque

173 2361 297 2408 amttam
315 2362 400 2408 Pelias
415 2362 487 2408 basta
504 2362 573 2408 tulit.
595 2361 671 2424 Atque
705 2362 755 2425 ipsa
777 2361 819 2408 iila
844 2365 956 2410 sermonis
978 2366 1091 2426 varietas,
1116 2367 1202 2413 mutati

172 2444 241 2493 hasta
261 2445 304 2493 illa
325 2445 382 2493 adeo
407 2455 457 2494 erat
477 2444 620 2505 nobilitata,
642 2454 670 2491 ut
702 2443 800 2491 subinde
817 2461 859 2509 pro
873 2444 1020 2508 conditione,
1038 2450 1063 2495 in
1076 2465 1122 2513 qua
1135 2450 1202 2496 Tele-

172 2528 279 2592 Πηλιάς
301 2529 376 2587 ι’δίως
397 2533 429 2579 τὸ
452 2532 501 2579 τοῦ
521 2528 669 2593 Ἀχιλλέως
702 2527 764 2593 phua
779 2530 881 2593 spectari
898 2529 1026 2594 cupiebat,
1052 2533 1201 2582 auditoribus

174 2613 243 2681 δόρυ
259 2617 435 2681 significaverit.
450 2614 506 2663 vide
519 2613 669 2680 Hesychium.
704 2613 806 2661 iucunda
827 2615 890 2676 suit,
913 2618 986 2681 magis
1011 2618 1108 2666 sortasse
1131 2637 1201 2686 qnam

172 2701 253 2766 Neque
275 2703 352 2750 miuus
371 2700 516 2750 celebratum
527 2710 568 2749 cst
589 2716 669 2747 oracu·
702 2699 927 2764 peritisiudicibns,
941 2704 1136 2770 utiristophani.
1154 2707 1200 2754 Sed

172 2785 238 2849 lum,
252 2786 314 2852 qnod
330 2789 404 2852 ipsam
412 2789 521 2849 bustam,
536 2784 669 2834 uondchii-
702 2795 726 2833 et
741 2785 837 2833 aliaest
853 2803 947 2849 caussa,
962 2806 1004 2837 cur
1012 2800 1125 2853 poemata
1135 2809 1202 2858 puro

172 2871 222 2920 lem
233 2872 340 2936 volebat,
355 2883 383 2920 ut
395 2870 596 2937 interpretabatur
604 2871 670 2936 Ulys-
701 2887 748 2919 non
764 2888 844 2919 verum
860 2872 976 2924 videatur.
995 2876 1063 2924 Pura
1071 2887 1200 2942 pueritate,

173 2974 218 3005 ees.
232 2958 292 3005 Hinc
301 2955 668 3007 emendandmscholffheocrit.
701 2967 729 3004 ut
742 2957 864 3006 Bentleius
878 2969 941 3006 recte
951 2964 1063 3026 exponit,
1078 2974 1132 3012 suut
1141 2982 1202 3012 com-

173 3041 387 3106 Eidyll.xl1,ao.
405 3040 476 3090 Ἐὰν
489 3043 540 3105 γὰρ
558 3041 604 3088 καί
622 3040 670 3090 λυ-
703 3043 779 3106 posita
794 3042 872 3091 verbis
885 3047 1015 3110 civilibus,
1028 3052 1201 3114 popularibus,

174 3126 261 3192 παρόν
279 3145 305 3176 τι
329 3129 346 3193 ἢ
369 3126 496 3192 δηκτικὸν
522 3125 633 3192 δράσῃς,
657 3125 670 3174 ὁ
704 3128 871 3190 quotidianis,
885 3132 1006 3195 usitatis,
1024 3150 1072 3181 non
1083 3137 1200 3197 poeticis.

175 3211 253 3274 λόγος
275 3211 288 3260 ὅ
312 3212 414 3280 τρώσας
436 3213 549 3261 ἰάσεται.
578 3213 669 3277 Legen·
701 3214 750 3259 lam
766 3211 825 3260 talia
840 3212 911 3263 verba
928 3215 1010 3266 decere
1027 3228 1123 3284 possunt
1136 3217 1202 3266 Tele—

175 3297 244 3347 dnm:
259 3298 290 3346 τὸ
303 3302 351 3348 τοῦ
368 3299 471 3362 λογίου,
485 3300 564 3346 sirati
576 3299 606 3345 ιἰι
618 3313 670 3346 ora·
703 3297 776 3362 phum
789 3299 814 3346 in
826 3299 933 3349 versibus
945 3304 1010 3365 istis,
1024 3302 1066 3352 ubi
1075 3321 1098 3351 se
1110 3305 1202 3352 meredi-

169 3385 229 3432 outo
248 3383 403 3433 dictumest.
427 3383 559 3432 Hemsterh.
576 3382 606 3431 ad
622 3384 667 3430 Lu-
699 3398 752 3430 crem
760 3383 1126 3453 eimnlat,nonintotopoemate.
1136 3389 1200 3437 Idem

176 3470 240 3518 ciani
255 3467 345 3534 Nigrin.
362 3470 387 3517 T.
400 3469 418 3516 1.
437 3485 491 3534 pag.
505 3471 551 3529 82,
575 3468 670 3517 volebat
703 3467 795 3517 dixerat
816 3473 923 3534 pulchra
942 3483 1055 3537 poenmta
1079 3477 1201 3523 convenire

176 3556 208 3604 τὸ
228 3556 277 3604 τοῦ
296 3553 384 3617 λόγου.
402 3554 524 3619 Euripides
540 3556 614 3619 igitur
632 3555 675 3602 Te·
706 3556 802 3620 utrique
816 3556 885 3620 stilo,
908 3568 955 3606 tam
968 3562 1036 3607 tenui
1049 3577 1119 3624 quam
1132 3578 1200 3626 gran·

175 3641 273 3707 lephum
289 3642 426 3689 mendicum
441 3640 601 3702 πεποίηκεν,
622 3641 672 3687 iere
706 3639 739 3689 di.
754 3643 837 3704 Puro,
854 3644 881 3690 ni
894 3643 978 3706 fallor,
994 3646 1065 3692 etiam
1078 3650 1203 3695 convenire

175 3727 341 3775 utHerodotua
354 3728 379 3774 iu
393 3726 444 3773 loco
458 3723 576 3772 celebrato
590 3723 672 3771 delio·
704 3724 783 3774 debet.
809 3727 882 3792 Atqui
898 3743 964 3791 pura
985 3745 1077 3796 semper
1093 3735 1203 3781 convenit

175 3829 239 3861 mero
248 3824 272 3861 et
279 3811 378 3862 Hesiodo
387 3811 445 3860 dicit
454 3811 489 3872 11,
498 3811 544 3872 53,
554 3808 579 3857 οἱ
592 3812 672 3874 ποιή-
703 3810 852 3874 Comoedias,
865 3828 984 3879 nunquam
992 3815 1147 3881 Tragoediae,
1156 3820 1203 3866 nisi

176 3911 270 3956 σαντες
286 3899 437 3962 θεογονίην.
455 3897 536 3944 Utrum
549 3894 670 3959 Euripides
702 3897 726 3943 in
742 3913 795 3944 rara
812 3899 959 3962 exceptione.
981 3900 1102 3950 Caeterum
1118 3904 1201 3950 (λωὶοία

176 3980 278 4047 Telepho
289 3983 368 4032 suoab
382 3980 568 4032 initioadiinem
576 3983 675 4046 figuram
706 3980 778 4030 rerba
802 3993 896 4031 movent
916 3984 1030 4049 affectus,
1055 3987 1096 4035 sed
1117 3990 1198 4045 mites3

176 4068 282 4115 mendici
297 4067 402 4131 dederit,
424 4086 468 4131 an,
488 4066 579 4116 deserta
594 4068 669 4117 veteri
701 4056 881 4133 {dochabenb
895 4080 942 4118 non
957 4072 1061 4134 πάθος,
1078 4072 1201 4121 utGraeci
1235 4128 1243 4137 μ
