2752 4844
544 389 604 452 Al)
636 391 854 454 etsortrs.
1147 391 1209 454 225

190 593 275 687 llio,
300 594 383 664 dum
407 591 562 664 sublimis
586 614 701 665 versus
724 601 880 664 ructatur
903 601 938 665 et
958 601 1065 685 errat,
1124 601 1205 666 457.

187 712 224 782 Si
245 712 351 784 veluti
374 712 513 784 merulis
537 713 685 783 intentus
710 710 833 782 decidit
855 735 978 807 auceps
1123 723 1205 784 458.

179 812 226 902 'ln
244 839 386 924 puteum
405 831 592 920 foveamus,
611 831 689 901 lieet
705 831 953 902 »Succurrite”
967 831 1109 926 longum
1120 842 1201 903 459.

187 947 336 1040 Clamet,
363 974 380 1019 5
393 949 429 1018 lo
450 949 580 1035 cives”;
605 971 675 1018 non
697 949 740 1019 sit
758 951 818 1042 qui
840 949 959 1020 tollere
972 958 1078 1025 curet.
1103 961 1201 1022 460.

187 1065 223 1137 Si
244 1075 340 1137 curet
360 1069 436 1160 quis
460 1090 559 1161 opem
583 1066 670 1137 ferre
693 1074 727 1136 et
747 1066 922 1139 demittere
944 1068 1079 1161 funem,
1119 1079 1200 1140 461.

184 1184 252 1273 Qut
273 1187 337 1256 sois
358 1209 401 1256 an
422 1183 572 1280 prudens
594 1184 663 1255 huo
686 1207 721 1257 se
744 1185 915 1276 deiecerit,
941 1171 1043 1280 atque
1118 1198 1199 1261 462.

404 1431 451 1478 xt.
707 1429 736 1479 In
751 1429 830 1479 verbis
848 1429 976 1496 pulchrum
993 1440 1029 1480 est
1044 1429 1092 1479 alia
1107 1446 1208 1494 novare,

709 1514 758 1563 alia
775 1533 804 1564 ex
820 1517 919 1582 antiquo
932 1525 1038 1582 tempore
1054 1517 1122 1582 quasi
1136 1517 1162 1564 in
1175 1519 1211 1566 vi·

210 1603 312 1650 Etrisss
322 1601 472 1666 5565555554.
486 1599 631 1663 Nam,dum
710 1610 759 1650 tarn
786 1617 904 1650 revocare.
938 1603 994 1651 Dixi
1017 1603 1156 1667 praesertim
1179 1600 1210 1650 de

226 1701 252 1735 se
265 1686 531 1750 valdaiutalligamam
544 1692 628 1732 etma·
708 1687 811 1734 carmine
835 1687 941 1736 Heroico.
966 1687 1067 1735 lletrum
1083 1687 1210 1752 assignavit

238 1772 490 1838 gniiugsniipatut,
503 1771 610 1819 insanit.
707 1770 829 1822 Homerus.
847 1771 907 1820 Sunt
923 1781 948 1820 et
961 1771 1009 1820 alia
1022 1772 1125 1820 carmina
1140 1788 1209 1820 sunm

708 1856 818 1923 qnodque
832 1868 933 1906 metrum
951 1867 975 1905 et
988 1867 1153 1923 argumentum
1166 1857 1210 1907 ha-

209 1942 273 2006 Ha'c,
289 1942 346 1989 dum
362 1942 476 1990 sublimis
492 1937 578 1989 versata
592 1948 675 1989 nasta·
707 1940 803 2006 hantis,
826 1943 978 2008 Elegiacum,
999 1944 1124 2009 Lyricum,
1149 1943 1210 1992 lam·

177 2035 229 2077 tur.
257 2027 346 2075 Similis
365 2027 484 2076 sententia
504 2026 625 2075 invenitur
646 2028 672 2074 in
705 2024 793 2077 binum.
832 2028 934 2077 lletrum
966 2026 1095 2076 iambicum
1124 2038 1210 2094 regnat

175 2113 268 2162 Titiani
280 2113 388 2162 Oratione
405 2111 436 2161 ad
452 2113 551 2160 Graecos
567 2129 621 2177 pag.
633 2113 673 2161 92.
707 2113 732 2160 in
753 2113 858 2163 Carmine
881 2115 1021 2164 Dramatico.
1047 2114 1116 2162 Ratio
1137 2116 1209 2164 metri

175 2197 333 2265 Κεχῃνότες
350 2195 381 2247 δὲ
399 2198 439 2254 εἷς
456 2196 585 2261 οὐρανὸν,
604 2197 675 2245 κατὰ
707 2196 806 2245 lambici
832 2198 898 2263 apud
919 2199 1017 2247 Graecos
1039 2208 1064 2246 et
1083 2199 1208 2251 Romanos.

176 2285 326 2351 βαράθρων
340 2284 467 2332 πίπτετε.
705 2281 805 2330 Romani
834 2283 860 2330 in
890 2299 917 2331 eo
950 2283 1142 2348 negligentiores.
1175 2286 1208 2333 Ea

212 2371 289 2436 Atque
310 2371 346 2418 ita
362 2369 454 2417 Horatii
469 2365 573 2432 Epistola
588 2365 618 2414 ad
635 2367 672 2416 Pi·
704 2367 852 2432 negligentia
874 2368 988 2433 exemplis
1004 2368 1145 2418 Graecorum
1170 2380 1207 2418 est

142 2466 145 2471 ·
175 2471 243 2504 sones
256 2457 375 2522 aptissime
392 2470 497 2502 connexa
511 2451 557 2501 sibi
573 2469 616 2517 per
632 2452 675 2501 has
707 2453 854 2518 corrigenda.
876 2454 944 2519 Origo
965 2463 989 2503 et
1005 2472 1140 2520 progressus
1152 2456 1208 2505 Tra·

174 2551 254 2607 partes
269 2540 394 2590 cohaerere
410 2537 513 2587 videtur.
531 2538 611 2586 Omnia
627 2538 674 2586 ianr
707 2537 805 2604 goediae
825 2549 850 2587 et
870 2539 1005 2589 Comoedias
1030 2540 1094 2606 apud
1109 2522 1208 2591 Graecos

174 2643 250 2693 aequo
266 2637 290 2674 et
299 2627 367 2676 facili
379 2626 473 2673 tramite
484 2623 622 2672 decurrunt.
638 2624 674 2671 An
707 2633 732 2670 et
752 2624 993 2674 Romanoa-Romani
1009 2625 1049 2675 hic
1072 2628 1143 2675 etiam
1158 2644 1207 2677 non
1248 2660 1251 2665 >

175 2721 200 2760 et
218 2711 273 2760 aliis
285 2713 318 2760 sic
331 2709 454 2770 videatur,
476 2725 524 2756 uon
537 2709 593 2756 scio.
618 2708 673 2770 His,
707 2708 765 2755 satis
794 2725 864 2758 curae
889 2709 1059 2760 adhibuerunt.
1093 2713 1126 2760 Ex
1153 2714 1208 2762 'l'ra-
1300 2743 1303 2748 ·

173 2795 202 2846 ut
227 2797 257 2845 de
278 2797 373 2846 vinculo
397 2793 563 2859 disputationis
587 2792 674 2841 melius
705 2794 757 2858 gico
779 2795 881 2842 carmine
905 2804 984 2844 ortum
1006 2806 1042 2844 est
1063 2795 1206 2863 satyricum.

173 2882 278 2932 iudicare
300 2883 407 2948 possint,
426 2879 520 2945 singula
535 2887 675 2943 argumenta
706 2877 767 2942 Quid
790 2879 817 2926 in
839 2896 883 2942 eo,
909 2879 972 2946 quod
994 2879 1024 2928 ad
1046 2880 1142 2929 dicendi
1165 2899 1205 2948 ge·

173 2985 277 3035 propono
293 2969 431 3015 coniuncta:
703 2957 748 3012 nus
773 2974 797 3012 et
821 2963 945 3028 decorum,
971 2966 1003 3013 sit
1025 2964 1205 3018 observandum.

205 3055 299 3103 Carmen
312 3053 455 3114 sitvarium,
468 3059 669 3099 ettamenunum.
703 3048 767 3099 Unde
787 3052 887 3099 materia
910 3050 1012 3116 satyrici
1036 3053 1145 3100 carminis
1166 3070 1206 3102 su-

172 3140 243 3189 ilulti
263 3137 326 3188 illud
346 3139 438 3186 varium
461 3137 486 3184 in
511 3136 593 3201 primis
611 3133 670 3183 affe·
702 3135 795 3184 menda.
821 3136 854 3184 De
871 3137 959 3185 Musica
978 3147 1002 3185 et
1018 3139 1160 3186 ornamentis
1176 3131 1204 3189 in

172 3235 252 3288 etant,
265 3223 306 3273 sed
316 3233 441 3289 propterea
453 3237 522 3286 saepe
536 3221 597 3268 fiunt
613 3218 672 3268 ridi·
703 3222 805 3269 carmine
827 3222 967 3270 Dramatico.
990 3224 1021 3271 Ea
1043 3240 1095 3271 cunr
1120 3225 1205 3290 populi

173 3312 230 3362 culi.
255 3311 370 3360 Nimirum
382 3317 458 3357 artem
474 3307 606 3355 nniversam
622 3321 669 3355 non
703 3305 836 3354 conditione
858 3308 936 3355 luere
957 3317 1063 3371 mutata,
1084 3310 1156 3358 sicuti
1178 3319 1205 3358 et

172 3406 263 3447 tenent.
277 3398 314 3444 lta
335 3391 499 3443 carmenlocis
514 3389 668 3457 quibusdam,
701 3390 792 3456 lingua.
823 3392 851 3439 ln
880 3392 1028 3442 Dramatibus
1052 3397 1130 3443 omnia
1153 3397 1213 3445 sint.

171 3499 226 3533 sane
243 3480 364 3548 pulchris,
382 3456 670 3542 distingunntssedalie-
701 3486 766 3525 recte
791 3475 908 3543 descripta
925 3494 951 3528 ae
973 3478 1094 3544 disposita.
1117 3481 1204 3530 Discri-

171 3569 216 3625 nis.
242 3570 270 3615 Et
286 3565 417 3633 particulae
430 3561 558 3611 nonnullae
575 3561 670 3626 elegan-
701 3577 755 3609 men
784 3563 847 3611 inter
876 3579 1005 3612 sermonem
1030 3564 1153 3630 Tragicum
1178 3576 1204 3616 et

172 3653 245 3701 tiores
258 3662 334 3700 totum
351 3664 444 3698 carmen
460 3663 508 3695 nou
526 3645 621 3711 elegans
636 3648 672 3695 la·
703 3647 827 3698 (lonicum.
849 3648 911 3714 Quid
931 3650 1067 3714 requiratur
1082 3649 1113 3698 ad
1134 3650 1205 3702 corda

172 3739 247 3787 ciunt.
265 3738 331 3784 Prius
344 3751 415 3800 quam
428 3734 503 3798 igitur
516 3731 602 3796 aliquis
612 3748 670 3796 opus
702 3743 860 3798 spectatorum
877 3732 1003 3798 tangenda.
1021 3733 1138 3798 Quomodo
1147 3753 1204 3803 poe·

171 3821 337 3888 aggrediatur,
355 3816 599 3868 suasvirescousnlat.
613 3817 671 3865 Tum
704 3828 728 3866 ta
749 3820 853 3867 animum
868 3834 1020 3882 personarum
1044 3818 1143 3869 induere
1162 3820 1204 3870 de·

172 3925 216 3958 nec
229 3906 414 3961 bonaycarminis
428 3902 549 3968 dispositio
563 3918 606 3949 nec
619 3917 671 3949 ver·
702 3901 766 3951 beat.
792 3903 863 3950 Poeta
882 3903 996 3967 cuiusque
1018 3919 1130 3968 personae
1149 3922 1223 3971 con-4

171 3993 256 4043 borum
269 3991 376 4040 delectus
390 3986 594 4037 desiderabuntnr.
608 3986 669 4050 Quid
701 3986 829 4049 ditionem,
855 3997 972 4050 aetatem,
1000 3990 1101 4053 patriam
1125 4000 1201 4040 notet.

78 4068 85 4082 ⁰
173 4078 281 4130 sitbona
294 4071 668 4143 dispositio,0steuditliomerus.
701 4073 761 4121 Ante
780 4073 858 4121 omnia
877 4073 954 4121 varios
974 4089 1050 4122 morea
1071 4091 1115 4139 pro
1130 4076 1203 4125 variis

1029 4169 1175 4258 ι5Ι
