<?xml version="1.0" encoding="UTF-8"?>
<!DOCTYPE html PUBLIC "-//W3C//DTD XHTML 1.0 Transitional//EN"
    "http://www.w3.org/TR/xhtml1/DTD/xhtml1-transitional.dtd">
<html xmlns="http://www.w3.org/1999/xhtml" xml:lang="en" lang="en">
 <head>
  <title>
</title>
<meta http-equiv="Content-Type" content="text/html;charset=utf-8" />
  <meta name='ocr-system' content='tesseract 3.04.00' />
  <meta name='ocr-capabilities' content='ocr_page ocr_carea ocr_par ocr_line ocrx_word'/>
</head>
<body>
  <div class='ocr_page' id='page_1' title='image "./qhoratiiflaccie01horagoog_0137.png"; bbox 0 0 2752 4844; ppageno 0'>
   <div class='ocr_carea' id='block_1_1' title="bbox 230 391 976 454">
    <p class='ocr_par' dir='ltr' id='par_1_1' title="bbox 230 391 976 454">
     <span class='ocr_line' id='line_1_1' title="bbox 230 391 976 454; baseline -0.003 -1"><span class='ocrx_word' id='word_1_1' title='bbox 230 391 289 454; x_wconf 79' lang='lat'><strong>128</strong></span> <span class='ocrx_word' id='word_1_2' title='bbox 490 392 702 454; x_wconf 78' lang='lat' dir='ltr'><strong>llOllA&#39;lIl</strong></span> <span class='ocrx_word' id='word_1_3' title='bbox 732 392 976 452; x_wconf 76' lang='lat' dir='ltr'><strong>EPISTOLA</strong></span> 
     </span>
    </p>
   </div>
   <div class='ocr_carea' id='block_1_2' title="bbox 254 589 1236 808">
    <p class='ocr_par' dir='ltr' id='par_1_2' title="bbox 254 589 1236 808">
     <span class='ocr_line' id='line_1_2' title="bbox 255 589 1236 689; baseline -0.004 -25"><span class='ocrx_word' id='word_1_4' title='bbox 255 595 338 664; x_wconf 86' lang='lat' dir='ltr'><strong>Rem</strong></span> <span class='ocrx_word' id='word_1_5' title='bbox 366 596 491 689; x_wconf 79' lang='lat' dir='ltr'><strong>poteris</strong></span> <span class='ocrx_word' id='word_1_6' title='bbox 515 616 645 663; x_wconf 78' lang='lat' dir='ltr'><strong>servaro</strong></span> <span class='ocrx_word' id='word_1_7' title='bbox 669 600 773 662; x_wconf 84' lang='lat' dir='ltr'><strong>tuam.</strong></span> <span class='ocrx_word' id='word_1_8' title='bbox 798 592 898 662; x_wconf 84' lang='lat' dir='ltr'>Redit</span> <span class='ocrx_word' id='word_1_9' title='bbox 923 594 1038 682; x_wconf 80' lang='lat' dir='ltr'><strong>uncia,</strong></span> <span class='ocrx_word' id='word_1_10' title='bbox 1063 591 1146 685; x_wconf 88' lang='lat' dir='ltr'><strong>quid</strong></span> <span class='ocrx_word' id='word_1_11' title='bbox 1169 589 1236 662; x_wconf 75' lang='lat' dir='ltr'><strong>fit?</strong></span> 
     </span>
     <span class='ocr_line' id='line_1_3' title="bbox 254 711 1165 808; baseline -0.003 -25"><span class='ocrx_word' id='word_1_12' title='bbox 254 713 370 783; x_wconf 82' lang='lat' dir='ltr'><strong>Semis.</strong></span> <span class='ocrx_word' id='word_1_13' title='bbox 394 712 440 782; x_wconf 84' lang='lat' dir='ltr'><strong>At</strong></span> <span class='ocrx_word' id='word_1_14' title='bbox 462 711 545 783; x_wconf 83' lang='lat' dir='ltr'><strong>haec</strong></span> <span class='ocrx_word' id='word_1_15' title='bbox 566 712 694 781; x_wconf 84' lang='lat' dir='ltr'><strong>animos</strong></span> <span class='ocrx_word' id='word_1_16' title='bbox 717 733 841 805; x_wconf 81' lang='lat' dir='ltr'>aerugo</span> <span class='ocrx_word' id='word_1_17' title='bbox 864 720 900 781; x_wconf 87' lang='lat' dir='ltr'><strong>et</strong></span> <span class='ocrx_word' id='word_1_18' title='bbox 920 734 1003 781; x_wconf 85' lang='lat' dir='ltr'><strong>cura</strong></span> <span class='ocrx_word' id='word_1_19' title='bbox 1027 712 1165 808; x_wconf 85' lang='lat' dir='ltr'><strong>poeuli‚·</strong></span> 
     </span>
    </p>
   </div>
   <div class='ocr_carea' id='block_1_3' title="bbox 218 996 1251 2946">
    <p class='ocr_par' dir='ltr' id='par_1_3' title="bbox 218 996 1251 2946">
     <span class='ocr_line' id='line_1_4' title="bbox 223 996 1245 1064; baseline 0.004 -18"><span class='ocrx_word' id='word_1_20' title='bbox 223 999 359 1046; x_wconf 78' lang='lat' dir='ltr'><strong>Bersmni</strong></span> <span class='ocrx_word' id='word_1_21' title='bbox 372 1007 397 1045; x_wconf 87' lang='lat' dir='ltr'><strong>et</strong></span> <span class='ocrx_word' id='word_1_22' title='bbox 413 1000 517 1064; x_wconf 78' lang='lat' dir='ltr'><strong>quinque</strong></span> <span class='ocrx_word' id='word_1_23' title='bbox 534 1015 564 1047; x_wconf 81' lang='lat' dir='ltr'><strong>ex</strong></span> <span class='ocrx_word' id='word_1_24' title='bbox 576 1000 663 1046; x_wconf 83' lang='lat' dir='ltr'><strong>nostris</strong></span> <span class='ocrx_word' id='word_1_25' title='bbox 673 1014 718 1062; x_wconf 71' lang='lat' dir='ltr'><strong>pe</strong></span> <span class='ocrx_word' id='word_1_26' title='bbox 751 996 792 1046; x_wconf 92' lang='lat' dir='ltr'><strong>det</strong></span> <span class='ocrx_word' id='word_1_27' title='bbox 807 996 873 1046; x_wconf 81' lang='lat' dir='ltr'><strong>filius</strong></span> <span class='ocrx_word' id='word_1_28' title='bbox 892 996 985 1048; x_wconf 73' lang='lat' dir='ltr'><strong>Albini:</strong></span> <span class='ocrx_word' id='word_1_29' title='bbox 1004 999 1067 1048; x_wconf 85' lang='lat' dir='ltr'><strong>fiunt</strong></span> <span class='ocrx_word' id='word_1_30' title='bbox 1086 1015 1128 1049; x_wconf 83' lang='lat' dir='ltr'><strong>sex</strong></span> <span class='ocrx_word' id='word_1_31' title='bbox 1146 1001 1245 1063; x_wconf 78' lang='lat' dir='ltr'><strong>unciae,</strong></span> 
     </span>
     <span class='ocr_line' id='line_1_5' title="bbox 224 1083 1246 1149; baseline 0.004 -18"><span class='ocrx_word' id='word_1_32' title='bbox 224 1090 299 1132; x_wconf 79' lang='lat' dir='ltr'><strong>terat.</strong></span> <span class='ocrx_word' id='word_1_33' title='bbox 322 1084 437 1131; x_wconf 79' lang='lat' dir='ltr'>Nimirum</span> <span class='ocrx_word' id='word_1_34' title='bbox 452 1085 562 1132; x_wconf 80' lang='lat' dir='ltr'><strong>Horatius</strong></span> <span class='ocrx_word' id='word_1_35' title='bbox 577 1086 624 1132; x_wconf 86' lang='lat' dir='ltr'><strong>iam</strong></span> <span class='ocrx_word' id='word_1_36' title='bbox 639 1083 717 1149; x_wconf 82' lang='lat' dir='ltr'><strong>loqui·</strong></span> <span class='ocrx_word' id='word_1_37' title='bbox 748 1085 798 1131; x_wconf 85' lang='lat' dir='ltr'><strong>sive</strong></span> <span class='ocrx_word' id='word_1_38' title='bbox 820 1085 935 1146; x_wconf 81' lang='lat' dir='ltr'><strong>semissis,</strong></span> <span class='ocrx_word' id='word_1_39' title='bbox 960 1100 1014 1149; x_wconf 87' lang='lat' dir='ltr'><strong>pars</strong></span> <span class='ocrx_word' id='word_1_40' title='bbox 1035 1084 1159 1135; x_wconf 82' lang='lat' dir='ltr'><strong>dimidiata</strong></span> <span class='ocrx_word' id='word_1_41' title='bbox 1179 1087 1246 1134; x_wconf 84' lang='lat' dir='ltr'><strong>assis.</strong></span> 
     </span>
     <span class='ocr_line' id='line_1_6' title="bbox 222 1167 1247 1234; baseline 0.002 -17"><span class='ocrx_word' id='word_1_42' title='bbox 222 1178 275 1231; x_wconf 86' lang='lat' dir='ltr'><strong>tur,</strong></span> <span class='ocrx_word' id='word_1_43' title='bbox 285 1185 334 1217; x_wconf 88' lang='lat' dir='ltr'><strong>non</strong></span> <span class='ocrx_word' id='word_1_44' title='bbox 346 1170 466 1234; x_wconf 83' lang='lat' dir='ltr'><strong>magister.</strong></span> <span class='ocrx_word' id='word_1_45' title='bbox 490 1170 608 1230; x_wconf 78' lang='lat' dir='ltr'><strong><em>Poterat,</em></strong></span> <span class='ocrx_word' id='word_1_46' title='bbox 624 1170 718 1232; x_wconf 85' lang='lat' dir='ltr'><strong>inquit,</strong></span> <span class='ocrx_word' id='word_1_47' title='bbox 750 1167 845 1218; x_wconf 81' lang='lat' dir='ltr'><em>Addere</em></span> <span class='ocrx_word' id='word_1_48' title='bbox 868 1170 895 1216; x_wconf 89' lang='lat' dir='ltr'><strong>in</strong></span> <span class='ocrx_word' id='word_1_49' title='bbox 914 1168 1047 1219; x_wconf 86' lang='lat' dir='ltr'><strong>rationibus</strong></span> <span class='ocrx_word' id='word_1_50' title='bbox 1060 1180 1096 1218; x_wconf 76' lang='lat' dir='ltr'><strong>est</strong></span> <span class='ocrx_word' id='word_1_51' title='bbox 1109 1180 1247 1220; x_wconf 85' lang='lat' dir='ltr'><strong>eonsuetum</strong></span> 
     </span>
     <span class='ocr_line' id='line_1_7' title="bbox 221 1251 1247 1317; baseline 0.002 -15"><span class='ocrx_word' id='word_1_52' title='bbox 221 1255 319 1302; x_wconf 62' lang='lat' dir='ltr'><strong>dhisse</strong></span> <span class='ocrx_word' id='word_1_53' title='bbox 334 1251 445 1302; x_wconf 64' lang='lat' dir='ltr'><strong>Triena?</strong></span> <span class='ocrx_word' id='word_1_54' title='bbox 465 1255 576 1302; x_wconf 78' lang='lat' dir='ltr'><strong>continuo</strong></span> <span class='ocrx_word' id='word_1_55' title='bbox 598 1255 653 1302; x_wconf 86' lang='lat' dir='ltr'><strong>infit</strong></span> <span class='ocrx_word' id='word_1_56' title='bbox 668 1254 721 1301; x_wconf 82' lang='lat' dir='ltr'><strong>lia-</strong></span> <span class='ocrx_word' id='word_1_57' title='bbox 751 1252 908 1317; x_wconf 83' lang='lat' dir='ltr'><strong>vocabulum,</strong></span> <span class='ocrx_word' id='word_1_58' title='bbox 925 1264 951 1302; x_wconf 93' lang='lat' dir='ltr'><strong>et</strong></span> <span class='ocrx_word' id='word_1_59' title='bbox 968 1258 1111 1304; x_wconf 84' lang='lat' dir='ltr'><strong>eontrarium</strong></span> <span class='ocrx_word' id='word_1_60' title='bbox 1131 1255 1247 1305; x_wconf 76' lang='lat' dir='ltr'><strong>vocabulo</strong></span> 
     </span>
     <span class='ocr_line' id='line_1_8' title="bbox 222 1340 1248 1406; baseline 0.004 -19"><span class='ocrx_word' id='word_1_61' title='bbox 222 1341 297 1406; x_wconf 78' lang='lat' dir='ltr'><strong>gister</strong></span> <span class='ocrx_word' id='word_1_62' title='bbox 305 1376 313 1402; x_wconf 85' lang='lat'><strong>,</strong></span> <span class='ocrx_word' id='word_1_63' title='bbox 322 1341 409 1405; x_wconf 80' lang='lat' dir='ltr'><strong>Euge,</strong></span> <span class='ocrx_word' id='word_1_64' title='bbox 422 1355 473 1387; x_wconf 80' lang='lat' dir='ltr'><strong>rem</strong></span> <span class='ocrx_word' id='word_1_65' title='bbox 484 1347 552 1386; x_wconf 83' lang='lat' dir='ltr'><strong>tuam</strong></span> <span class='ocrx_word' id='word_1_66' title='bbox 567 1355 666 1387; x_wconf 82' lang='lat' dir='ltr'><strong>servare</strong></span> <span class='ocrx_word' id='word_1_67' title='bbox 674 1354 718 1402; x_wconf 83' lang='lat' dir='ltr'><strong>po·</strong></span> <span class='ocrx_word' id='word_1_68' title='bbox 749 1340 901 1402; x_wconf 68' lang='lat' dir='ltr'><strong>retribuendi,</strong></span> <span class='ocrx_word' id='word_1_69' title='bbox 915 1342 979 1402; x_wconf 85' lang='lat' dir='ltr'><strong>sive,</strong></span> <span class='ocrx_word' id='word_1_70' title='bbox 995 1340 1060 1405; x_wconf 85' lang='lat' dir='ltr'><strong>quod</strong></span> <span class='ocrx_word' id='word_1_71' title='bbox 1071 1343 1198 1404; x_wconf 82' lang='lat' dir='ltr'><strong>usitatius,</strong></span> <span class='ocrx_word' id='word_1_72' title='bbox 1206 1342 1248 1390; x_wconf 85' lang='lat' dir='ltr'><strong>de-</strong></span> 
     </span>
     <span class='ocr_line' id='line_1_9' title="bbox 222 1423 1249 1492; baseline -0.001 -17"><span class='ocrx_word' id='word_1_73' title='bbox 222 1429 294 1475; x_wconf 79' lang='lat' dir='ltr'><strong>teris.</strong></span> <span class='ocrx_word' id='word_1_74' title='bbox 310 1425 374 1473; x_wconf 84' lang='lat' dir='ltr'>Unde</span> <span class='ocrx_word' id='word_1_75' title='bbox 387 1427 435 1474; x_wconf 86' lang='lat' dir='ltr'><strong>iam</strong></span> <span class='ocrx_word' id='word_1_76' title='bbox 453 1435 534 1491; x_wconf 88' lang='lat' dir='ltr'><strong>patet,</strong></span> <span class='ocrx_word' id='word_1_77' title='bbox 555 1435 580 1472; x_wconf 89' lang='lat' dir='ltr'><strong>et</strong></span> <span class='ocrx_word' id='word_1_78' title='bbox 595 1425 665 1473; x_wconf 78' lang='lat' dir='ltr'><strong>dieas</strong></span> <span class='ocrx_word' id='word_1_79' title='bbox 677 1441 716 1472; x_wconf 86' lang='lat' dir='ltr'><strong>su-</strong></span> <span class='ocrx_word' id='word_1_80' title='bbox 747 1425 867 1487; x_wconf 80' lang='lat' dir='ltr'><strong>duoendi‚</strong></span> <span class='ocrx_word' id='word_1_81' title='bbox 885 1423 974 1491; x_wconf 85' lang='lat' dir='ltr'><strong>dequo</strong></span> <span class='ocrx_word' id='word_1_82' title='bbox 989 1425 1136 1492; x_wconf 83' lang='lat' dir='ltr'><strong>Oudendorp.</strong></span> <span class='ocrx_word' id='word_1_83' title='bbox 1151 1425 1249 1474; x_wconf 86' lang='lat' dir='ltr'><strong>adSue·</strong></span> 
     </span>
     <span class='ocr_line' id='line_1_10' title="bbox 222 1509 1248 1578; baseline 0.002 -18"><span class='ocrx_word' id='word_1_84' title='bbox 222 1529 266 1578; x_wconf 86' lang='lat' dir='ltr'><strong>pra</strong></span> <span class='ocrx_word' id='word_1_85' title='bbox 281 1510 444 1577; x_wconf 82' lang='lat' dir='ltr'><strong>corrigendum</strong></span> <span class='ocrx_word' id='word_1_86' title='bbox 460 1512 542 1558; x_wconf 73' lang='lat' dir='ltr'><strong>fuisse.</strong></span> <span class='ocrx_word' id='word_1_87' title='bbox 564 1509 589 1558; x_wconf 91' lang='lat' dir='ltr'><strong>Si</strong></span> <span class='ocrx_word' id='word_1_88' title='bbox 602 1512 665 1558; x_wconf 89' lang='lat' dir='ltr'><strong>enim</strong></span> <span class='ocrx_word' id='word_1_89' title='bbox 680 1510 719 1557; x_wconf 88' lang='lat' dir='ltr'><strong>di·</strong></span> <span class='ocrx_word' id='word_1_90' title='bbox 751 1520 800 1558; x_wconf 91' lang='lat' dir='ltr'><strong>ton.</strong></span> <span class='ocrx_word' id='word_1_91' title='bbox 817 1510 880 1558; x_wconf 86' lang='lat' dir='ltr'><strong>Caes.</strong></span> <span class='ocrx_word' id='word_1_92' title='bbox 897 1512 937 1559; x_wconf 69' lang='lat'><strong>42.</strong></span> <span class='ocrx_word' id='word_1_93' title='bbox 954 1510 1032 1558; x_wconf 83' lang='lat' dir='ltr'><strong>Cicero</strong></span> <span class='ocrx_word' id='word_1_94' title='bbox 1046 1510 1076 1559; x_wconf 93' lang='lat' dir='ltr'><strong>de</strong></span> <span class='ocrx_word' id='word_1_95' title='bbox 1088 1512 1153 1560; x_wconf 81' lang='lat' dir='ltr'>0ffic.</span> <span class='ocrx_word' id='word_1_96' title='bbox 1167 1512 1194 1575; x_wconf 80' lang='grc' dir='ltr'><strong>Ι,</strong></span> <span class='ocrx_word' id='word_1_97' title='bbox 1205 1515 1248 1562; x_wconf 88' lang='lat'><strong>18.</strong></span> 
     </span>
     <span class='ocr_line' id='line_1_11' title="bbox 221 1595 1247 1662; baseline -0.001 -16"><span class='ocrx_word' id='word_1_98' title='bbox 221 1606 264 1646; x_wconf 84' lang='lat' dir='ltr'><strong>out</strong></span> <span class='ocrx_word' id='word_1_99' title='bbox 283 1595 419 1656; x_wconf 79' lang='lat' dir='ltr'><strong>admiseris3</strong></span> <span class='ocrx_word' id='word_1_100' title='bbox 438 1613 581 1662; x_wconf 86' lang='lat' dir='ltr'><strong>consequens</strong></span> <span class='ocrx_word' id='word_1_101' title='bbox 602 1597 662 1657; x_wconf 88' lang='lat' dir='ltr'><strong>erit,</strong></span> <span class='ocrx_word' id='word_1_102' title='bbox 687 1604 716 1644; x_wconf 91' lang='lat' dir='ltr'><strong>ut</strong></span> <span class='ocrx_word' id='word_1_103' title='bbox 750 1596 900 1643; x_wconf 69' lang='lat' dir='ltr'><em>Consuetudo</em></span> <span class='ocrx_word' id='word_1_104' title='bbox 913 1598 1247 1662; x_wconf 67' lang='lat' dir='ltr'><strong>exercitatioqueoopieudu‚</strong></span> 
     </span>
     <span class='ocr_line' id='line_1_12' title="bbox 221 1680 1248 1750; baseline 0.001 -19"><span class='ocrx_word' id='word_1_105' title='bbox 221 1700 320 1750; x_wconf 85' lang='lat' dir='ltr'><strong>persona</strong></span> <span class='ocrx_word' id='word_1_106' title='bbox 353 1682 437 1731; x_wconf 90' lang='lat' dir='ltr'><strong>itidem</strong></span> <span class='ocrx_word' id='word_1_107' title='bbox 469 1684 542 1730; x_wconf 86' lang='lat' dir='ltr'><strong>tertia</strong></span> <span class='ocrx_word' id='word_1_108' title='bbox 570 1680 715 1746; x_wconf 81' lang='lat' dir='ltr'><strong>subiungas,</strong></span> <span class='ocrx_word' id='word_1_109' title='bbox 747 1689 778 1728; x_wconf 81' lang='lat' dir='ltr'><strong>at</strong></span> <span class='ocrx_word' id='word_1_110' title='bbox 791 1683 1248 1746; x_wconf 68' lang='lat' dir='ltr'><strong>bonirutiocinutoresoffica&#39;mmesse</strong></span> 
     </span>
     <span class='ocr_line' id='line_1_13' title="bbox 221 1767 1249 1833; baseline 0.001 -17"><span class='ocrx_word' id='word_1_111' title='bbox 221 1770 284 1817; x_wconf 76' lang='lat' dir='ltr'><strong>Rem</strong></span> <span class='ocrx_word' id='word_1_112' title='bbox 291 1770 390 1832; x_wconf 75' lang='lat' dir='ltr'><strong>poterit</strong></span> <span class='ocrx_word' id='word_1_113' title='bbox 402 1783 500 1815; x_wconf 83' lang='lat' dir='ltr'><strong>servaro</strong></span> <span class='ocrx_word' id='word_1_114' title='bbox 515 1783 593 1814; x_wconf 71' lang='lat' dir='ltr'><strong>mum,</strong></span> <span class='ocrx_word' id='word_1_115' title='bbox 610 1767 718 1815; x_wconf 84' lang='lat' dir='ltr'><strong>Ceterum</strong></span> <span class='ocrx_word' id='word_1_116' title='bbox 745 1769 887 1831; x_wconf 72' lang='lat' dir='ltr'><strong>possimus,</strong></span> <span class='ocrx_word' id='word_1_117' title='bbox 904 1775 931 1814; x_wconf 78' lang='lat' dir='ltr'><strong>et</strong></span> <span class='ocrx_word' id='word_1_118' title='bbox 946 1769 1053 1816; x_wconf 84' lang='lat' dir='ltr'><strong>addendo</strong></span> <span class='ocrx_word' id='word_1_119' title='bbox 1068 1769 1249 1833; x_wconf 76' lang='lat' dir='ltr'><strong>deducendoque</strong></span> 
     </span>
     <span class='ocr_line' id='line_1_14' title="bbox 222 1852 1249 1921; baseline 0.004 -21"><span class='ocrx_word' id='word_1_120' title='bbox 222 1855 265 1920; x_wconf 76' lang='lat' dir='ltr'><strong>qui</strong></span> <span class='ocrx_word' id='word_1_121' title='bbox 275 1862 378 1918; x_wconf 78' lang='lat' dir='ltr'><strong>poteras</strong></span> <span class='ocrx_word' id='word_1_122' title='bbox 394 1853 491 1900; x_wconf 56' lang='lat' dir='ltr'><strong>dionaeo</strong></span> <span class='ocrx_word' id='word_1_123' title='bbox 507 1852 592 1917; x_wconf 86' lang='lat' dir='ltr'><strong>legunt</strong></span> <span class='ocrx_word' id='word_1_124' title='bbox 607 1861 632 1899; x_wconf 89' lang='lat' dir='ltr'><strong>et</strong></span> <span class='ocrx_word' id='word_1_125' title='bbox 647 1853 721 1917; x_wconf 85' lang='lat' dir='ltr'><strong>magi·</strong></span> <span class='ocrx_word' id='word_1_126' title='bbox 752 1853 849 1914; x_wconf 82' lang='lat' dir='ltr'><strong>videre,</strong></span> <span class='ocrx_word' id='word_1_127' title='bbox 875 1868 936 1915; x_wconf 76' lang='lat' dir='ltr'><strong>quae</strong></span> <span class='ocrx_word' id='word_1_128' title='bbox 957 1855 1050 1916; x_wconf 77' lang='lat' dir='ltr'><strong><em>reliqui</em></strong></span> <span class='ocrx_word' id='word_1_129' title='bbox 1071 1870 1166 1921; x_wconf 72' lang='lat' dir='ltr'><strong>summ</strong></span> <span class='ocrx_word' id='word_1_130' title='bbox 1180 1858 1249 1917; x_wconf 74' lang='lat' dir='ltr'><strong>fiat.-</strong></span> 
     </span>
     <span class='ocr_line' id='line_1_15' title="bbox 222 1936 1246 2004; baseline 0.002 -17"><span class='ocrx_word' id='word_1_131' title='bbox 222 1941 267 1988; x_wconf 86' lang='lat' dir='ltr'><strong>stri</strong></span> <span class='ocrx_word' id='word_1_132' title='bbox 288 1956 337 1987; x_wconf 83' lang='lat' dir='ltr'><strong>esse</strong></span> <span class='ocrx_word' id='word_1_133' title='bbox 357 1937 430 1986; x_wconf 85' lang='lat' dir='ltr'><strong>verba</strong></span> <span class='ocrx_word' id='word_1_134' title='bbox 453 1937 550 2000; x_wconf 87' lang='lat' dir='ltr'><strong>volunt,</strong></span> <span class='ocrx_word' id='word_1_135' title='bbox 575 1936 719 2002; x_wconf 80' lang='lat' dir='ltr'><strong>discipulum</strong></span> <span class='ocrx_word' id='word_1_136' title='bbox 750 1953 781 1984; x_wconf 74' lang='lat' dir='ltr'><strong>aa</strong></span> <span class='ocrx_word' id='word_1_137' title='bbox 797 1954 856 2000; x_wconf 82' lang='lat' dir='ltr'><strong>quo,</strong></span> <span class='ocrx_word' id='word_1_138' title='bbox 874 1947 992 2001; x_wconf 74' lang='lat' dir='ltr'><strong>parantum</strong></span> <span class='ocrx_word' id='word_1_139' title='bbox 1004 1941 1091 2002; x_wconf 79' lang='lat' dir='ltr'><strong>cuique</strong></span> <span class='ocrx_word' id='word_1_140' title='bbox 1110 1940 1246 2004; x_wconf 74' lang='lat' dir='ltr'><strong><em>debeatur,</em></strong></span> 
     </span>
     <span class='ocr_line' id='line_1_16' title="bbox 223 2023 891 2090; baseline -0.003 -17"><span class='ocrx_word' id='word_1_141' title='bbox 223 2023 456 2090; x_wconf 78' lang='lat' dir='ltr'><strong>corripientisqnod·</strong></span> <span class='ocrx_word' id='word_1_142' title='bbox 466 2023 612 2072; x_wconf 76' lang='lat' dir='ltr'>haesitanter</span> <span class='ocrx_word' id='word_1_143' title='bbox 630 2031 654 2070; x_wconf 90' lang='lat' dir='ltr'><strong>et</strong></span> <span class='ocrx_word' id='word_1_144' title='bbox 670 2032 719 2069; x_wconf 83' lang='lat' dir='ltr'><strong>tar·</strong></span> <span class='ocrx_word' id='word_1_145' title='bbox 751 2023 891 2088; x_wconf 75' lang='lat' dir='ltr'><strong>intelligas.</strong></span> 
     </span>
     <span class='ocr_line' id='line_1_17' title="bbox 222 2105 1249 2177; baseline 0.001 -18"><span class='ocrx_word' id='word_1_146' title='bbox 222 2110 329 2159; x_wconf 73' lang='lat' dir='ltr'><strong>diuscule</strong></span> <span class='ocrx_word' id='word_1_147' title='bbox 345 2107 509 2175; x_wconf 87' lang='lat' dir='ltr'><strong>responderet;</strong></span> <span class='ocrx_word' id='word_1_148' title='bbox 532 2111 553 2156; x_wconf 93' lang='lat' dir='ltr'><strong>ii</strong></span> <span class='ocrx_word' id='word_1_149' title='bbox 571 2107 631 2173; x_wconf 79' lang='lat' dir='ltr'><strong>quid</strong></span> <span class='ocrx_word' id='word_1_150' title='bbox 648 2105 719 2155; x_wconf 89' lang='lat' dir='ltr'><strong>urba·</strong></span> <span class='ocrx_word' id='word_1_151' title='bbox 782 2108 819 2157; x_wconf 79' lang='lat' dir='ltr'><strong>At</strong></span> <span class='ocrx_word' id='word_1_152' title='bbox 839 2110 898 2156; x_wconf 81' lang='lat' dir='ltr'><strong>bueo</strong></span> <span class='ocrx_word' id='word_1_153' title='bbox 917 2113 1013 2158; x_wconf 80' lang='lat' dir='ltr'><strong>animos</strong></span> <span class='ocrx_word' id='word_1_154' title='bbox 1028 2127 1118 2177; x_wconf 66' lang='lat' dir='ltr'><strong>aeaego</strong></span> <span class='ocrx_word' id='word_1_155' title='bbox 1138 2119 1165 2159; x_wconf 84' lang='lat' dir='ltr'><strong>et</strong></span> <span class='ocrx_word' id='word_1_156' title='bbox 1186 2127 1249 2160; x_wconf 79' lang='lat' dir='ltr'><strong>eura</strong></span> 
     </span>
     <span class='ocr_line' id='line_1_18' title="bbox 222 2193 1249 2260; baseline 0 -15"><span class='ocrx_word' id='word_1_157' title='bbox 222 2213 279 2246; x_wconf 93' lang='lat' dir='ltr'><strong>num</strong></span> <span class='ocrx_word' id='word_1_158' title='bbox 299 2197 332 2244; x_wconf 90' lang='lat' dir='ltr'><strong>sit</strong></span> <span class='ocrx_word' id='word_1_159' title='bbox 354 2197 380 2243; x_wconf 91' lang='lat' dir='ltr'><strong>in</strong></span> <span class='ocrx_word' id='word_1_160' title='bbox 404 2197 552 2257; x_wconf 78' lang='lat' dir='ltr'>narratione,</span> <span class='ocrx_word' id='word_1_161' title='bbox 575 2193 633 2260; x_wconf 76' lang='lat' dir='ltr'><strong>quid</strong></span> <span class='ocrx_word' id='word_1_162' title='bbox 654 2195 719 2259; x_wconf 89' lang='lat' dir='ltr'><strong>puti-</strong></span> <span class='ocrx_word' id='word_1_163' title='bbox 747 2196 839 2258; x_wconf 77' lang='lat' dir='ltr'><strong>peculi.</strong></span> <span class='ocrx_word' id='word_1_164' title='bbox 862 2194 902 2243; x_wconf 73' lang='lat' dir='ltr'><strong>Aa</strong></span> <span class='ocrx_word' id='word_1_165' title='bbox 919 2196 991 2259; x_wconf 80' lang='lat' dir='ltr'><strong>bueo,</strong></span> <span class='ocrx_word' id='word_1_166' title='bbox 1006 2196 1133 2256; x_wconf 82' lang='lat' dir='ltr'><strong>editionea3</strong></span> <span class='ocrx_word' id='word_1_167' title='bbox 1150 2207 1249 2246; x_wconf 88' lang='lat' dir='ltr'><strong>unata·</strong></span> 
     </span>
     <span class='ocr_line' id='line_1_19' title="bbox 222 2279 1250 2349; baseline 0.002 -18"><span class='ocrx_word' id='word_1_168' title='bbox 222 2281 292 2346; x_wconf 86' lang='lat' dir='ltr'><strong>dum,</strong></span> <span class='ocrx_word' id='word_1_169' title='bbox 316 2281 380 2330; x_wconf 84' lang='lat' dir='ltr'><strong>haud</strong></span> <span class='ocrx_word' id='word_1_170' title='bbox 401 2283 458 2329; x_wconf 86' lang='lat' dir='ltr'><strong>satis</strong></span> <span class='ocrx_word' id='word_1_171' title='bbox 482 2279 617 2346; x_wconf 74' lang='lat' dir='ltr'><strong>dignoscere</strong></span> <span class='ocrx_word' id='word_1_172' title='bbox 638 2279 720 2328; x_wconf 86' lang='lat' dir='ltr'><strong>viden·</strong></span> <span class='ocrx_word' id='word_1_173' title='bbox 752 2295 807 2327; x_wconf 90' lang='lat' dir='ltr'><strong>men</strong></span> <span class='ocrx_word' id='word_1_174' title='bbox 820 2289 845 2327; x_wconf 92' lang='lat' dir='ltr'><strong>et</strong></span> <span class='ocrx_word' id='word_1_175' title='bbox 857 2279 934 2329; x_wconf 79' lang='lat' dir='ltr'><strong>altera</strong></span> <span class='ocrx_word' id='word_1_176' title='bbox 946 2289 975 2329; x_wconf 80' lang='lat' dir='ltr'><strong>ut</strong></span> <span class='ocrx_word' id='word_1_177' title='bbox 987 2284 1053 2332; x_wconf 82' lang='lat' dir='ltr'><strong>bueo.</strong></span> <span class='ocrx_word' id='word_1_178' title='bbox 1069 2285 1131 2349; x_wconf 82' lang='lat' dir='ltr'><strong>Lege</strong></span> <span class='ocrx_word' id='word_1_179' title='bbox 1144 2285 1250 2333; x_wconf 82' lang='lat' dir='ltr'><strong>cumtri-</strong></span> 
     </span>
     <span class='ocr_line' id='line_1_20' title="bbox 221 2364 1250 2433; baseline 0.001 -16"><span class='ocrx_word' id='word_1_180' title='bbox 221 2379 270 2417; x_wconf 86' lang='lat' dir='ltr'><strong>tur.</strong></span> <span class='ocrx_word' id='word_1_181' title='bbox 286 2367 445 2416; x_wconf 64' lang='lat' dir='ltr'><strong>smnus,</strong></span> <span class='ocrx_word' id='word_1_182' title='bbox 529 2416 532 2421; x_wconf 70' lang='grc'><strong>,</strong></span> <span class='ocrx_word' id='word_1_183' title='bbox 749 2364 795 2413; x_wconf 87' lang='lat' dir='ltr'><strong>bus</strong></span> <span class='ocrx_word' id='word_1_184' title='bbox 807 2367 974 2414; x_wconf 83' lang='lat' dir='ltr'><strong>vetustissimis</strong></span> <span class='ocrx_word' id='word_1_185' title='bbox 988 2368 1133 2430; x_wconf 86' lang='lat' dir='ltr'><strong>Blandiniis,</strong></span> <span class='ocrx_word' id='word_1_186' title='bbox 1147 2369 1210 2433; x_wconf 89' lang='lat' dir='ltr'><strong>quod</strong></span> <span class='ocrx_word' id='word_1_187' title='bbox 1223 2379 1250 2418; x_wconf 87' lang='lat' dir='ltr'><strong>et</strong></span> 
     </span>
     <span class='ocr_line' id='line_1_21' title="bbox 254 2450 1249 2518; baseline 0.001 -17"><span class='ocrx_word' id='word_1_188' title='bbox 254 2455 281 2501; x_wconf 94' lang='lat' dir='ltr'><strong>ln</strong></span> <span class='ocrx_word' id='word_1_189' title='bbox 289 2453 335 2502; x_wconf 72' lang='lat' dir='ltr'><strong>its,</strong></span> <span class='ocrx_word' id='word_1_190' title='bbox 348 2453 464 2515; x_wconf 77' lang='lat' dir='ltr'><strong>Ylamiug.</strong></span> <span class='ocrx_word' id='word_1_191' title='bbox 475 2466 489 2497; x_wconf 90' lang='lat' dir='ltr'><strong>a</strong></span> <span class='ocrx_word' id='word_1_192' title='bbox 500 2466 570 2497; x_wconf 86' lang='lat' dir='ltr'><strong>manu</strong></span> <span class='ocrx_word' id='word_1_193' title='bbox 579 2453 654 2514; x_wconf 87' lang='lat' dir='ltr'><strong>prima</strong></span> <span class='ocrx_word' id='word_1_194' title='bbox 660 2466 718 2498; x_wconf 65' lang='lat' dir='ltr'><strong>aem</strong></span> <span class='ocrx_word' id='word_1_195' title='bbox 749 2450 838 2498; x_wconf 75' lang='lat' dir='ltr'><strong>Statius</strong></span> <span class='ocrx_word' id='word_1_196' title='bbox 852 2468 882 2499; x_wconf 81' lang='lat' dir='ltr'><strong>ex</strong></span> <span class='ocrx_word' id='word_1_197' title='bbox 890 2453 1024 2499; x_wconf 85' lang='lat' dir='ltr'><strong>coniectura</strong></span> <span class='ocrx_word' id='word_1_198' title='bbox 1032 2453 1177 2516; x_wconf 80' lang='lat' dir='ltr'><strong>protulerat:</strong></span> <span class='ocrx_word' id='word_1_199' title='bbox 1192 2454 1249 2518; x_wconf 81' lang='lat' dir='ltr'><strong>An,</strong></span> 
     </span>
     <span class='ocr_line' id='line_1_22' title="bbox 218 2534 1251 2605; baseline 0 -17"><span class='ocrx_word' id='word_1_200' title='bbox 218 2541 316 2605; x_wconf 79' lang='lat' dir='ltr'><strong>poterit</strong></span> <span class='ocrx_word' id='word_1_201' title='bbox 336 2552 434 2585; x_wconf 78' lang='lat' dir='ltr'><strong>servare</strong></span> <span class='ocrx_word' id='word_1_202' title='bbox 449 2552 527 2583; x_wconf 71' lang='lat' dir='ltr'><strong>mom.</strong></span> <span class='ocrx_word' id='word_1_203' title='bbox 561 2534 634 2600; x_wconf 90' lang='lat' dir='ltr'><strong>ldque</strong></span> <span class='ocrx_word' id='word_1_204' title='bbox 658 2535 718 2583; x_wconf 86' lang='lat' dir='ltr'><strong>mibi</strong></span> <span class='ocrx_word' id='word_1_205' title='bbox 750 2538 807 2584; x_wconf 83' lang='lat' dir='ltr'><strong>bueo</strong></span> <span class='ocrx_word' id='word_1_206' title='bbox 827 2537 923 2582; x_wconf 80' lang='lat' dir='ltr'><strong>animos</strong></span> <span class='ocrx_word' id='word_1_207' title='bbox 939 2551 1030 2599; x_wconf 71' lang='lat' dir='ltr'><strong>denego</strong></span> <span class='ocrx_word' id='word_1_208' title='bbox 1049 2544 1076 2584; x_wconf 84' lang='lat' dir='ltr'><strong>et</strong></span> <span class='ocrx_word' id='word_1_209' title='bbox 1091 2553 1150 2585; x_wconf 69' lang='lat' dir='ltr'><strong>mira</strong></span> <span class='ocrx_word' id='word_1_210' title='bbox 1162 2542 1251 2602; x_wconf 80' lang='lat' dir='ltr'><strong>peculi</strong></span> 
     </span>
     <span class='ocr_line' id='line_1_23' title="bbox 222 2620 1251 2691; baseline -0.001 -18"><span class='ocrx_word' id='word_1_211' title='bbox 222 2626 310 2691; x_wconf 83' lang='lat' dir='ltr'><strong>placet.</strong></span> <span class='ocrx_word' id='word_1_212' title='bbox 334 2625 407 2688; x_wconf 76' lang='lat' dir='ltr'><strong>Magis</strong></span> <span class='ocrx_word' id='word_1_213' title='bbox 425 2624 497 2670; x_wconf 88' lang='lat' dir='ltr'><strong>etiam</strong></span> <span class='ocrx_word' id='word_1_214' title='bbox 512 2631 602 2670; x_wconf 87' lang='lat' dir='ltr'><strong>morata</strong></span> <span class='ocrx_word' id='word_1_215' title='bbox 617 2630 653 2669; x_wconf 89' lang='lat' dir='ltr'><strong>est</strong></span> <span class='ocrx_word' id='word_1_216' title='bbox 668 2638 719 2668; x_wconf 87' lang='lat' dir='ltr'><strong>ora·</strong></span> <span class='ocrx_word' id='word_1_217' title='bbox 752 2622 812 2669; x_wconf 77' lang='lat' dir='ltr'><strong>Cum</strong></span> <span class='ocrx_word' id='word_1_218' title='bbox 825 2620 900 2668; x_wconf 81' lang='lat' dir='ltr'><strong>senwl</strong></span> <span class='ocrx_word' id='word_1_219' title='bbox 913 2621 1046 2683; x_wconf 80' lang='lat' dir='ltr'><strong>imbuerit,</strong></span> <span class='ocrx_word' id='word_1_220' title='bbox 1062 2638 1251 2686; x_wconf 72' lang='lat' dir='ltr'><strong>speramosoar·</strong></span> 
     </span>
     <span class='ocr_line' id='line_1_24' title="bbox 223 2692 1251 2774; baseline 0 -15"><span class='ocrx_word' id='word_1_221' title='bbox 223 2713 271 2773; x_wconf 92' lang='lat' dir='ltr'><strong>tio,</strong></span> <span class='ocrx_word' id='word_1_222' title='bbox 288 2711 309 2758; x_wconf 83' lang='lat' dir='ltr'><strong>ai</strong></span> <span class='ocrx_word' id='word_1_223' title='bbox 326 2711 438 2774; x_wconf 77' lang='lat' dir='ltr'><strong>magister</strong></span> <span class='ocrx_word' id='word_1_224' title='bbox 458 2692 601 2772; x_wconf 81' lang='lat' dir='ltr'><strong>discipuldm</strong></span> <span class='ocrx_word' id='word_1_225' title='bbox 617 2709 652 2754; x_wconf 89' lang='lat' dir='ltr'><strong>ita</strong></span> <span class='ocrx_word' id='word_1_226' title='bbox 667 2707 718 2754; x_wconf 86' lang='lat' dir='ltr'><strong>lau·</strong></span> <span class='ocrx_word' id='word_1_227' title='bbox 750 2708 820 2753; x_wconf 81' lang='lat' dir='ltr'><strong>mina</strong></span> <span class='ocrx_word' id='word_1_228' title='bbox 828 2707 901 2770; x_wconf 72' lang='lat' dir='ltr'><strong>fingi</strong></span> <span class='ocrx_word' id='word_1_229' title='bbox 916 2707 991 2754; x_wconf 82' lang='lat' dir='ltr'><strong>Posse</strong></span> <span class='ocrx_word' id='word_1_230' title='bbox 1007 2708 1108 2756; x_wconf 79' lang='lat' dir='ltr'><strong>linenda</strong></span> <span class='ocrx_word' id='word_1_231' title='bbox 1122 2711 1204 2772; x_wconf 78' lang='lat' dir='ltr'><strong>cedro,</strong></span> <span class='ocrx_word' id='word_1_232' title='bbox 1223 2719 1251 2759; x_wconf 80' lang='lat' dir='ltr'><strong>et</strong></span> 
     </span>
     <span class='ocr_line' id='line_1_25' title="bbox 222 2792 1251 2861; baseline -0.002 -15"><span class='ocrx_word' id='word_1_233' title='bbox 222 2795 280 2846; x_wconf 83' lang='lat' dir='ltr'><strong>dans</strong></span> <span class='ocrx_word' id='word_1_234' title='bbox 303 2795 378 2861; x_wconf 79' lang='lat' dir='ltr'><strong>digito</strong></span> <span class='ocrx_word' id='word_1_235' title='bbox 402 2804 556 2842; x_wconf 88' lang='lat' dir='ltr'><strong>monstratum</strong></span> <span class='ocrx_word' id='word_1_236' title='bbox 580 2793 634 2841; x_wconf 84' lang='lat' dir='ltr'><strong>aliis</strong></span> <span class='ocrx_word' id='word_1_237' title='bbox 658 2810 719 2841; x_wconf 86' lang='lat' dir='ltr'><strong>oom—</strong></span> <span class='ocrx_word' id='word_1_238' title='bbox 751 2793 802 2839; x_wconf 78' lang='lat' dir='ltr'><strong>levi</strong></span> <span class='ocrx_word' id='word_1_239' title='bbox 822 2792 943 2839; x_wconf 65' lang='lat' dir='ltr'><strong>airnardo</strong></span> <span class='ocrx_word' id='word_1_240' title='bbox 966 2792 1101 2857; x_wconf 76' lang='lat' dir='ltr'><strong>cupresso?</strong></span> <span class='ocrx_word' id='word_1_241' title='bbox 1125 2795 1170 2844; x_wconf 89' lang='lat' dir='ltr'><strong>Ubi</strong></span> <span class='ocrx_word' id='word_1_242' title='bbox 1192 2794 1251 2844; x_wconf 85' lang='lat' dir='ltr'><strong>ordo</strong></span> 
     </span>
     <span class='ocr_line' id='line_1_26' title="bbox 223 2880 1251 2946; baseline -0.002 -14"><span class='ocrx_word' id='word_1_243' title='bbox 223 2881 326 2932; x_wconf 87' lang='lat' dir='ltr'><strong>meudat.</strong></span> <span class='ocrx_word' id='word_1_244' title='bbox 342 2882 468 2946; x_wconf 84' lang='lat' dir='ltr'><strong>Superiora</strong></span> <span class='ocrx_word' id='word_1_245' title='bbox 480 2889 560 2927; x_wconf 89' lang='lat' dir='ltr'><strong>autem</strong></span> <span class='ocrx_word' id='word_1_246' title='bbox 568 2887 671 2942; x_wconf 83' lang='lat' dir='ltr'><strong>poteras</strong></span> <span class='ocrx_word' id='word_1_247' title='bbox 679 2880 717 2927; x_wconf 83' lang='lat' dir='ltr'><strong>di·</strong></span> <span class='ocrx_word' id='word_1_248' title='bbox 750 2886 800 2940; x_wconf 81' lang='lat' dir='ltr'><strong>est,</strong></span> <span class='ocrx_word' id='word_1_249' title='bbox 816 2893 850 2925; x_wconf 78' lang='lat' dir='ltr'><strong>au</strong></span> <span class='ocrx_word' id='word_1_250' title='bbox 859 2893 987 2942; x_wconf 78' lang='lat' dir='ltr'><strong>speramus</strong></span> <span class='ocrx_word' id='word_1_251' title='bbox 1001 2883 1113 2927; x_wconf 81' lang='lat' dir='ltr'><strong>carmina</strong></span> <span class='ocrx_word' id='word_1_252' title='bbox 1130 2891 1176 2929; x_wconf 85' lang='lat' dir='ltr'><strong>eet.</strong></span> <span class='ocrx_word' id='word_1_253' title='bbox 1194 2898 1251 2930; x_wconf 78' lang='lat' dir='ltr'><strong>earm</strong></span> 
     </span>
    </p>
   </div>
   <div class='ocr_carea' id='block_1_4' title="bbox 120 2963 1251 3030">
    <p class='ocr_par' dir='ltr' id='par_1_4' title="bbox 120 2963 1251 3030">
     <span class='ocr_line' id='line_1_27' title="bbox 120 2963 1251 3030; baseline -0.004 -12"><span class='ocrx_word' id='word_1_254' title='bbox 120 3008 125 3017; x_wconf 95' lang='lat'>.</span> <span class='ocrx_word' id='word_1_255' title='bbox 222 2971 305 3030; x_wconf 66' lang='lat' dir='ltr'><strong>sisae,</strong></span> <span class='ocrx_word' id='word_1_256' title='bbox 323 2966 399 3016; x_wconf 88' lang='lat' dir='ltr'><strong>eidem</strong></span> <span class='ocrx_word' id='word_1_257' title='bbox 414 2968 526 3030; x_wconf 81' lang='lat' dir='ltr'><strong>magistro</strong></span> <span class='ocrx_word' id='word_1_258' title='bbox 542 2963 654 3011; x_wconf 88' lang='lat' dir='ltr'><strong>tribuam.</strong></span> <span class='ocrx_word' id='word_1_259' title='bbox 674 2964 720 3010; x_wconf 87' lang='lat' dir='ltr'><strong>Ha·</strong></span> <span class='ocrx_word' id='word_1_260' title='bbox 752 2963 810 3011; x_wconf 76' lang='lat' dir='ltr'><strong>boec</strong></span> <span class='ocrx_word' id='word_1_261' title='bbox 823 2967 997 3028; x_wconf 77' lang='lat' dir='ltr'><strong>uerngoeemel</strong></span> <span class='ocrx_word' id='word_1_262' title='bbox 1004 2968 1100 3014; x_wconf 76' lang='lat' dir='ltr'><strong>animos</strong></span> <span class='ocrx_word' id='word_1_263' title='bbox 1109 2965 1251 3015; x_wconf 80' lang='lat' dir='ltr'><strong>imbuerit?</strong></span> 
     </span>
    </p>
   </div>
   <div class='ocr_carea' id='block_1_5' title="bbox 216 3047 1254 4137">
    <p class='ocr_par' dir='ltr' id='par_1_5' title="bbox 221 3047 1252 3286">
     <span class='ocr_line' id='line_1_28' title="bbox 221 3047 1251 3116; baseline -0.001 -14"><span class='ocrx_word' id='word_1_264' title='bbox 221 3053 265 3102; x_wconf 90' lang='lat' dir='ltr'><strong>bet</strong></span> <span class='ocrx_word' id='word_1_265' title='bbox 291 3053 332 3100; x_wconf 87' lang='lat' dir='ltr'><strong>hic</strong></span> <span class='ocrx_word' id='word_1_266' title='bbox 355 3051 506 3116; x_wconf 84' lang='lat' dir='ltr'><strong>dialogismus</strong></span> <span class='ocrx_word' id='word_1_267' title='bbox 526 3052 573 3097; x_wconf 86' lang='lat' dir='ltr'><strong>iam</strong></span> <span class='ocrx_word' id='word_1_268' title='bbox 597 3049 654 3095; x_wconf 85' lang='lat' dir='ltr'><strong>satis</strong></span> <span class='ocrx_word' id='word_1_269' title='bbox 678 3047 720 3095; x_wconf 91' lang='lat' dir='ltr'><strong>ob·</strong></span> <span class='ocrx_word' id='word_1_270' title='bbox 751 3048 860 3096; x_wconf 84' lang='lat' dir='ltr'><strong>Ceterum</strong></span> <span class='ocrx_word' id='word_1_271' title='bbox 893 3065 1020 3112; x_wconf 77' lang='lat' dir='ltr'><strong>speramus</strong></span> <span class='ocrx_word' id='word_1_272' title='bbox 1048 3050 1121 3100; x_wconf 86' lang='lat' dir='ltr'><strong>habet</strong></span> <span class='ocrx_word' id='word_1_273' title='bbox 1150 3054 1251 3101; x_wconf 79' lang='lat' dir='ltr'><strong>eximius</strong></span> 
     </span>
     <span class='ocr_line' id='line_1_29' title="bbox 223 3132 1251 3203; baseline -0.001 -16"><span class='ocrx_word' id='word_1_274' title='bbox 223 3139 357 3200; x_wconf 68' lang='lat' dir='ltr'><strong>tenuitatis,</strong></span> <span class='ocrx_word' id='word_1_275' title='bbox 374 3154 445 3203; x_wconf 86' lang='lat' dir='ltr'><strong>quam</strong></span> <span class='ocrx_word' id='word_1_276' title='bbox 465 3153 512 3183; x_wconf 94' lang='lat' dir='ltr'><strong>non</strong></span> <span class='ocrx_word' id='word_1_277' title='bbox 529 3142 564 3182; x_wconf 86' lang='lat' dir='ltr'><strong>est</strong></span> <span class='ocrx_word' id='word_1_278' title='bbox 580 3151 623 3182; x_wconf 85' lang='lat' dir='ltr'><strong>our</strong></span> <span class='ocrx_word' id='word_1_279' title='bbox 635 3149 721 3198; x_wconf 83' lang='lat' dir='ltr'><strong>augea·</strong></span> <span class='ocrx_word' id='word_1_280' title='bbox 752 3132 829 3181; x_wconf 78' lang='lat' dir='ltr'><strong>Codex</strong></span> <span class='ocrx_word' id='word_1_281' title='bbox 842 3133 981 3197; x_wconf 83' lang='lat' dir='ltr'><strong>Reginensis</strong></span> <span class='ocrx_word' id='word_1_282' title='bbox 996 3152 1050 3183; x_wconf 83' lang='lat' dir='ltr'><strong>oum</strong></span> <span class='ocrx_word' id='word_1_283' title='bbox 1067 3137 1122 3185; x_wconf 89' lang='lat' dir='ltr'><strong>aliis</strong></span> <span class='ocrx_word' id='word_1_284' title='bbox 1135 3139 1251 3203; x_wconf 80' lang='lat' dir='ltr'><strong>quinque.</strong></span> 
     </span>
     <span class='ocr_line' id='line_1_30' title="bbox 224 3218 1252 3286; baseline -0.001 -15"><span class='ocrx_word' id='word_1_285' title='bbox 224 3239 290 3286; x_wconf 85' lang='lat' dir='ltr'><strong>mua,</strong></span> <span class='ocrx_word' id='word_1_286' title='bbox 304 3223 385 3271; x_wconf 83' lang='lat' dir='ltr'><strong>addita</strong></span> <span class='ocrx_word' id='word_1_287' title='bbox 400 3223 491 3269; x_wconf 87' lang='lat' dir='ltr'><strong>Horatii</strong></span> <span class='ocrx_word' id='word_1_288' title='bbox 506 3237 613 3285; x_wconf 84' lang='lat' dir='ltr'><strong>persona.</strong></span> <span class='ocrx_word' id='word_1_289' title='bbox 750 3218 894 3266; x_wconf 73' lang='lat' dir='ltr'><strong>Graeviauus</strong></span> <span class='ocrx_word' id='word_1_290' title='bbox 910 3235 966 3266; x_wconf 87' lang='lat' dir='ltr'><strong>vero</strong></span> <span class='ocrx_word' id='word_1_291' title='bbox 983 3230 1008 3268; x_wconf 83' lang='lat' dir='ltr'><strong>et</strong></span> <span class='ocrx_word' id='word_1_292' title='bbox 1024 3220 1145 3271; x_wconf 85' lang='lat' dir='ltr'><strong>Leidensis</strong></span> <span class='ocrx_word' id='word_1_293' title='bbox 1160 3232 1184 3270; x_wconf 89' lang='lat' dir='ltr'><strong>et</strong></span> <span class='ocrx_word' id='word_1_294' title='bbox 1197 3222 1252 3270; x_wconf 77' lang='lat' dir='ltr'><strong>Vos-</strong></span> 
     </span>
    </p>

    <p class='ocr_par' dir='ltr' id='par_1_6' title="bbox 216 3302 1254 4137">
     <span class='ocr_line' id='line_1_31' title="bbox 257 3302 1252 3373; baseline -0.001 -17"><span class='ocrx_word' id='word_1_295' title='bbox 257 3308 336 3356; x_wconf 71' lang='lat' dir='ltr'><strong>Redit</strong></span> <span class='ocrx_word' id='word_1_296' title='bbox 350 3308 441 3368; x_wconf 58' lang='lat' dir='ltr'><strong>uneinj</strong></span> <span class='ocrx_word' id='word_1_297' title='bbox 451 3302 583 3366; x_wconf 76' lang='lat' dir='ltr'><strong>Qoidfit?</strong></span> <span class='ocrx_word' id='word_1_298' title='bbox 598 3303 722 3353; x_wconf 81' lang='lat' dir='ltr'><strong>Considera</strong></span> <span class='ocrx_word' id='word_1_299' title='bbox 752 3304 832 3350; x_wconf 86' lang='lat' dir='ltr'><strong>sianus</strong></span> <span class='ocrx_word' id='word_1_300' title='bbox 845 3319 899 3350; x_wconf 84' lang='lat' dir='ltr'><strong>cum</strong></span> <span class='ocrx_word' id='word_1_301' title='bbox 911 3304 966 3352; x_wconf 85' lang='lat' dir='ltr'><strong>aliis</strong></span> <span class='ocrx_word' id='word_1_302' title='bbox 977 3304 1061 3353; x_wconf 88' lang='lat' dir='ltr'><strong>itidem</strong></span> <span class='ocrx_word' id='word_1_303' title='bbox 1079 3309 1184 3373; x_wconf 81' lang='lat' dir='ltr'><strong>quinque</strong></span> <span class='ocrx_word' id='word_1_304' title='bbox 1197 3324 1252 3372; x_wconf 85' lang='lat' dir='ltr'><strong>apa-</strong></span> 
     </span>
     <span class='ocr_line' id='line_1_32' title="bbox 225 3387 1252 3456; baseline -0.003 -12"><span class='ocrx_word' id='word_1_305' title='bbox 225 3395 313 3444; x_wconf 84' lang='lat' dir='ltr'><strong>loeum.</strong></span> <span class='ocrx_word' id='word_1_306' title='bbox 346 3392 372 3441; x_wconf 89' lang='lat' dir='ltr'><strong>Si</strong></span> <span class='ocrx_word' id='word_1_307' title='bbox 394 3391 424 3439; x_wconf 86' lang='lat' dir='ltr'><strong>de</strong></span> <span class='ocrx_word' id='word_1_308' title='bbox 449 3391 553 3456; x_wconf 80' lang='lat' dir='ltr'><strong>quinque</strong></span> <span class='ocrx_word' id='word_1_309' title='bbox 575 3392 651 3438; x_wconf 79' lang='lat' dir='ltr'><strong>unciis</strong></span> <span class='ocrx_word' id='word_1_310' title='bbox 672 3406 721 3437; x_wconf 89' lang='lat' dir='ltr'><strong>uua</strong></span> <span class='ocrx_word' id='word_1_311' title='bbox 752 3404 841 3436; x_wconf 68' lang='lat' dir='ltr'><strong>remus.</strong></span> <span class='ocrx_word' id='word_1_312' title='bbox 857 3387 896 3436; x_wconf 88' lang='lat' dir='ltr'><strong>Sic</strong></span> <span class='ocrx_word' id='word_1_313' title='bbox 913 3399 937 3436; x_wconf 93' lang='lat' dir='ltr'><strong>et</strong></span> <span class='ocrx_word' id='word_1_314' title='bbox 950 3391 976 3436; x_wconf 93' lang='lat' dir='ltr'><strong>iu</strong></span> <span class='ocrx_word' id='word_1_315' title='bbox 991 3389 1069 3438; x_wconf 88' lang='lat' dir='ltr'><strong>tribus</strong></span> <span class='ocrx_word' id='word_1_316' title='bbox 1081 3394 1129 3440; x_wconf 87' lang='lat' dir='ltr'><strong>suis</strong></span> <span class='ocrx_word' id='word_1_317' title='bbox 1142 3392 1252 3441; x_wconf 76' lang='lat' dir='ltr'><strong>Pulmon-</strong></span> 
     </span>
     <span class='ocr_line' id='line_1_33' title="bbox 225 3475 1251 3541; baseline -0.004 -11"><span class='ocrx_word' id='word_1_318' title='bbox 225 3482 296 3530; x_wconf 81' lang='lat' dir='ltr'><strong>uneia</strong></span> <span class='ocrx_word' id='word_1_319' title='bbox 319 3477 420 3527; x_wconf 85' lang='lat' dir='ltr'><strong>deducta</strong></span> <span class='ocrx_word' id='word_1_320' title='bbox 453 3485 501 3538; x_wconf 88' lang='lat' dir='ltr'><strong>est,</strong></span> <span class='ocrx_word' id='word_1_321' title='bbox 533 3477 596 3523; x_wconf 86' lang='lat' dir='ltr'><strong>liunt</strong></span> <span class='ocrx_word' id='word_1_322' title='bbox 619 3485 721 3541; x_wconf 83' lang='lat' dir='ltr'><strong>quatuor</strong></span> <span class='ocrx_word' id='word_1_323' title='bbox 752 3475 909 3538; x_wconf 79' lang='lat' dir='ltr'><strong>nusreperit3</strong></span> <span class='ocrx_word' id='word_1_324' title='bbox 922 3476 1251 3541; x_wconf 84' lang='lat' dir='ltr'><strong>oeterilnterpretestacent:</strong></span> 
     </span>
     <span class='ocr_line' id='line_1_34' title="bbox 225 3558 1254 3628; baseline -0.006 -12"><span class='ocrx_word' id='word_1_325' title='bbox 225 3569 327 3628; x_wconf 77' lang='lat' dir='ltr'><strong>unciae,</strong></span> <span class='ocrx_word' id='word_1_326' title='bbox 342 3564 391 3612; x_wconf 81' lang='lat' dir='ltr'><strong>sive</strong></span> <span class='ocrx_word' id='word_1_327' title='bbox 408 3564 495 3625; x_wconf 86' lang='lat' dir='ltr'><strong>triens,</strong></span> <span class='ocrx_word' id='word_1_328' title='bbox 509 3563 581 3609; x_wconf 84' lang='lat' dir='ltr'><strong>tertia</strong></span> <span class='ocrx_word' id='word_1_329' title='bbox 594 3577 647 3626; x_wconf 87' lang='lat' dir='ltr'><strong>pars</strong></span> <span class='ocrx_word' id='word_1_330' title='bbox 655 3561 719 3608; x_wconf 86' lang='lat' dir='ltr'><strong>assis.</strong></span> <span class='ocrx_word' id='word_1_331' title='bbox 752 3559 880 3625; x_wconf 85' lang='lat' dir='ltr'><strong>Utrumque</strong></span> <span class='ocrx_word' id='word_1_332' title='bbox 909 3558 1010 3625; x_wconf 91' lang='lat' dir='ltr'><strong>probum</strong></span> <span class='ocrx_word' id='word_1_333' title='bbox 1037 3570 1086 3621; x_wconf 89' lang='lat' dir='ltr'><strong>est,</strong></span> <span class='ocrx_word' id='word_1_334' title='bbox 1112 3570 1140 3608; x_wconf 91' lang='lat' dir='ltr'><strong>ut</strong></span> <span class='ocrx_word' id='word_1_335' title='bbox 1160 3563 1254 3612; x_wconf 82' lang='lat' dir='ltr'><strong>nescias</strong></span> 
     </span>
     <span class='ocr_line' id='line_1_35' title="bbox 225 3643 1254 3712; baseline -0.008 -11"><span class='ocrx_word' id='word_1_336' title='bbox 225 3652 251 3701; x_wconf 84' lang='lat' dir='ltr'><strong>si</strong></span> <span class='ocrx_word' id='word_1_337' title='bbox 281 3649 365 3712; x_wconf 82' lang='lat' dir='ltr'><strong>uncia,</strong></span> <span class='ocrx_word' id='word_1_338' title='bbox 398 3645 465 3695; x_wconf 93' lang='lat' dir='ltr'><strong>modo</strong></span> <span class='ocrx_word' id='word_1_339' title='bbox 495 3645 610 3709; x_wconf 84' lang='lat' dir='ltr'><strong>deducta,</strong></span> <span class='ocrx_word' id='word_1_340' title='bbox 642 3644 720 3706; x_wconf 86' lang='lat' dir='ltr'><strong>redit,</strong></span> <span class='ocrx_word' id='word_1_341' title='bbox 753 3653 834 3692; x_wconf 88' lang='lat' dir='ltr'><strong>utrum</strong></span> <span class='ocrx_word' id='word_1_342' title='bbox 858 3645 908 3694; x_wconf 88' lang='lat' dir='ltr'><strong>utri</strong></span> <span class='ocrx_word' id='word_1_343' title='bbox 931 3643 1113 3708; x_wconf 83' lang='lat' dir='ltr'><strong>praeferendum</strong></span> <span class='ocrx_word' id='word_1_344' title='bbox 1137 3647 1182 3693; x_wconf 81' lang='lat' dir='ltr'><strong>sit:</strong></span> <span class='ocrx_word' id='word_1_345' title='bbox 1204 3648 1254 3697; x_wconf 84' lang='lat' dir='ltr'><strong>nisi</strong></span> 
     </span>
     <span class='ocr_line' id='line_1_36' title="bbox 224 3727 1252 3797; baseline -0.007 -10"><span class='ocrx_word' id='word_1_346' title='bbox 224 3739 312 3787; x_wconf 90' lang='lat' dir='ltr'><strong>iterum</strong></span> <span class='ocrx_word' id='word_1_347' title='bbox 332 3733 461 3794; x_wconf 86' lang='lat' dir='ltr'><strong>adiicitur,</strong></span> <span class='ocrx_word' id='word_1_348' title='bbox 485 3731 547 3779; x_wconf 88' lang='lat' dir='ltr'><strong>fiunt</strong></span> <span class='ocrx_word' id='word_1_349' title='bbox 562 3748 605 3797; x_wconf 88' lang='lat' dir='ltr'><strong>pro</strong></span> <span class='ocrx_word' id='word_1_350' title='bbox 623 3738 724 3796; x_wconf 84' lang='lat' dir='ltr'><strong>quatuor</strong></span> <span class='ocrx_word' id='word_1_351' title='bbox 756 3727 980 3794; x_wconf 76' lang='lat' dir='ltr'><strong>quod,ubiaequae</strong></span> <span class='ocrx_word' id='word_1_352' title='bbox 995 3731 1115 3795; x_wconf 82' lang='lat' dir='ltr'><strong>utrimque</strong></span> <span class='ocrx_word' id='word_1_353' title='bbox 1129 3741 1185 3779; x_wconf 84' lang='lat' dir='ltr'><strong>sunt</strong></span> <span class='ocrx_word' id='word_1_354' title='bbox 1200 3731 1252 3781; x_wconf 87' lang='lat' dir='ltr'><strong>lan-</strong></span> 
     </span>
     <span class='ocr_line' id='line_1_37' title="bbox 216 3814 1251 3883; baseline -0.005 -13"><span class='ocrx_word' id='word_1_355' title='bbox 216 3823 315 3883; x_wconf 79' lang='lat' dir='ltr'><strong>‚uuciia‚</strong></span> <span class='ocrx_word' id='word_1_356' title='bbox 339 3821 366 3868; x_wconf 91' lang='lat' dir='ltr'><strong>ni</strong></span> <span class='ocrx_word' id='word_1_357' title='bbox 389 3818 478 3880; x_wconf 82' lang='lat' dir='ltr'><strong>fallor,</strong></span> <span class='ocrx_word' id='word_1_358' title='bbox 502 3833 583 3864; x_wconf 79' lang='lat' dir='ltr'><strong>rursus</strong></span> <span class='ocrx_word' id='word_1_359' title='bbox 607 3817 721 3881; x_wconf 83' lang='lat' dir='ltr'><strong>quinque.</strong></span> <span class='ocrx_word' id='word_1_360' title='bbox 754 3830 806 3876; x_wconf 86' lang='lat' dir='ltr'><strong>ces,</strong></span> <span class='ocrx_word' id='word_1_361' title='bbox 823 3814 900 3862; x_wconf 83' lang='lat' dir='ltr'><strong>locum</strong></span> <span class='ocrx_word' id='word_1_362' title='bbox 916 3830 1008 3861; x_wconf 83' lang='lat' dir='ltr'><strong>servare</strong></span> <span class='ocrx_word' id='word_1_363' title='bbox 1030 3831 1058 3863; x_wconf 86' lang='lat' dir='ltr'><strong>ea</strong></span> <span class='ocrx_word' id='word_1_364' title='bbox 1074 3815 1145 3864; x_wconf 79' lang='lat' dir='ltr'><strong>lectio</strong></span> <span class='ocrx_word' id='word_1_365' title='bbox 1164 3815 1251 3881; x_wconf 88' lang='lat' dir='ltr'><strong>debet,</strong></span> 
     </span>
     <span class='ocr_line' id='line_1_38' title="bbox 225 3900 1252 3970; baseline -0.005 -17"><span class='ocrx_word' id='word_1_366' title='bbox 225 3906 319 3955; x_wconf 77' lang='lat' dir='ltr'><strong>Summa</strong></span> <span class='ocrx_word' id='word_1_367' title='bbox 349 3906 393 3967; x_wconf 89' lang='lat' dir='ltr'><strong>fit,</strong></span> <span class='ocrx_word' id='word_1_368' title='bbox 417 3903 481 3970; x_wconf 81' lang='lat' dir='ltr'><strong>quod</strong></span> <span class='ocrx_word' id='word_1_369' title='bbox 501 3903 564 3965; x_wconf 87' lang='lat' dir='ltr'><strong>suit,</strong></span> <span class='ocrx_word' id='word_1_370' title='bbox 589 3902 719 3967; x_wconf 78' lang='lat' dir='ltr'><strong>quincunx.</strong></span> <span class='ocrx_word' id='word_1_371' title='bbox 753 3915 814 3964; x_wconf 81' lang='lat' dir='ltr'><strong>quae</strong></span> <span class='ocrx_word' id='word_1_372' title='bbox 835 3901 900 3965; x_wconf 90' lang='lat' dir='ltr'><strong>prior</strong></span> <span class='ocrx_word' id='word_1_373' title='bbox 921 3901 1053 3964; x_wconf 80' lang='lat' dir='ltr'><strong>occupavit.</strong></span> <span class='ocrx_word' id='word_1_374' title='bbox 1078 3900 1153 3948; x_wconf 85' lang='lat' dir='ltr'><strong>Sion</strong></span> <span class='ocrx_word' id='word_1_375' title='bbox 1170 3917 1252 3966; x_wconf 76' lang='lat' dir='ltr'><strong>aperu-</strong></span> 
     </span>
     <span class='ocr_line' id='line_1_39' title="bbox 225 3983 1253 4055; baseline -0.003 -17"><span class='ocrx_word' id='word_1_376' title='bbox 225 3989 323 4038; x_wconf 89' lang='lat' dir='ltr'><strong>0muiuo</strong></span> <span class='ocrx_word' id='word_1_377' title='bbox 338 3988 465 4055; x_wconf 82' lang='lat' dir='ltr'><strong>legendum</strong></span> <span class='ocrx_word' id='word_1_378' title='bbox 481 3987 595 4036; x_wconf 85' lang='lat' dir='ltr'><strong>arbitror:</strong></span> <span class='ocrx_word' id='word_1_379' title='bbox 612 3986 722 4036; x_wconf 81' lang='lat' dir='ltr'><strong>Additur</strong></span> <span class='ocrx_word' id='word_1_380' title='bbox 753 4000 809 4032; x_wconf 82' lang='lat' dir='ltr'><strong>mua</strong></span> <span class='ocrx_word' id='word_1_381' title='bbox 834 3983 959 4047; x_wconf 75' lang='lat' dir='ltr'><strong>adsciscis,</strong></span> <span class='ocrx_word' id='word_1_382' title='bbox 989 4001 1054 4050; x_wconf 85' lang='lat' dir='ltr'><strong>spem</strong></span> <span class='ocrx_word' id='word_1_383' title='bbox 1080 3985 1187 4035; x_wconf 86' lang='lat' dir='ltr'><strong>habitam</strong></span> <span class='ocrx_word' id='word_1_384' title='bbox 1208 3987 1253 4036; x_wconf 89' lang='lat' dir='ltr'><strong>sed</strong></span> 
     </span>
     <span class='ocr_line' id='line_1_40' title="bbox 226 4068 1238 4137; baseline -0.006 -14"><span class='ocrx_word' id='word_1_385' title='bbox 226 4075 310 4123; x_wconf 69' lang='lat' dir='ltr'><strong>mia.</strong></span> <span class='ocrx_word' id='word_1_386' title='bbox 325 4071 456 4137; x_wconf 74' lang='lat' dir='ltr'><strong>Qoidfit?</strong></span> <span class='ocrx_word' id='word_1_387' title='bbox 471 4073 511 4122; x_wconf 78' lang='lat' dir='ltr'><strong>sie</strong></span> <span class='ocrx_word' id='word_1_388' title='bbox 522 4073 611 4137; x_wconf 89' lang='lat' dir='ltr'><strong>optime</strong></span> <span class='ocrx_word' id='word_1_389' title='bbox 627 4087 722 4136; x_wconf 85' lang='lat' dir='ltr'><strong>respon-</strong></span> <span class='ocrx_word' id='word_1_390' title='bbox 753 4069 848 4118; x_wconf 84' lang='lat' dir='ltr'><strong>inanem</strong></span> <span class='ocrx_word' id='word_1_391' title='bbox 860 4068 1025 4135; x_wconf 85' lang='lat' dir='ltr'><strong>reprebendis;</strong></span> <span class='ocrx_word' id='word_1_392' title='bbox 1044 4073 1105 4119; x_wconf 82' lang='lat' dir='ltr'><strong>siun</strong></span> <span class='ocrx_word' id='word_1_393' title='bbox 1113 4087 1238 4135; x_wconf 67' lang='lat' dir='ltr'><strong>speremw</strong></span> 
     </span>
    </p>
   </div>
   <div class='ocr_carea' id='block_1_6' title="bbox 0 0 1389 4844">
    <p class='ocr_par' dir='ltr' id='par_1_7' title="bbox 0 0 1389 4844">
     <span class='ocr_line' id='line_1_41' title="bbox 0 0 1389 4844; baseline 0 0"><span class='ocrx_word' id='word_1_394' title='bbox 0 0 1389 4844; x_wconf 95' lang='lat' dir='ltr'><strong> </strong></span> 
     </span>
    </p>
   </div>
  </div>
 </body>
</html>
