2752 4844
509 391 569 450 An
601 390 820 452 PISONES.
1134 390 1173 451 67

180 591 321 685 Siquid
348 594 558 689 inexpertum
583 613 703 664 scenae
728 594 931 685 committis,
961 601 1001 665 et>
1021 592 1124 664 audes

178 711 359 781 Personam
386 710 530 781 formare
552 733 693 797 novam3
723 721 874 782 servetur
897 713 940 783 ad
961 705 1089 803 imum,

183 829 301 918 Qualis
326 828 370 899 ab
389 831 522 923 incepto
548 831 767 924 processerit,
792 837 826 900 ct
851 830 913 902 sibi
937 838 1076 921 constet.

184 946 329 1019 Difficile
348 955 399 1018 est
422 948 558 1043 proprie
580 949 771 1019 communia
799 947 925 1020 dicere:
948 960 1056 1045 tuque

149 1153 201 1214 lns,
226 1151 329 1213 Orestis,
349 1159 462 1216 apparet,
487 1151 596 1215 inprimis
617 1165 646 1198 ex
679 1166 733 1198 men
754 1149 833 1198 Instit.
855 1151 933 1200 Diviu.
955 1150 998 1213 ll,
1016 1152 1058 1199 20.
1090 1152 1183 1199 scelera

149 1253 183 1286 vs.
197 1237 252 1293 125.
275 1237 307 1284 Si
319 1237 380 1299 quid
390 1237 548 1300 inrepertum
564 1249 650 1283 scenae
681 1238 828 1284 cothurnata
841 1235 962 1301 appellat,
979 1251 1040 1302 quae
1053 1235 1112 1300 alii,
1128 1252 1151 1286 v.
1161 1252 1183 1285 o.

149 1323 293 1372 cmnmitta'a.
304 1331 358 1370 etv.
367 1323 421 1370 129.
438 1322 544 1370 Iliacum
552 1336 649 1369 carmen
679 1322 760 1370 Livius
773 1321 796 1384 l,
809 1323 855 1384 46,
874 1324 981 1387 tragica.

149 1409 290 1457 &duricia
302 1414 387 1467 actas;
403 1405 449 1455 hoc
463 1416 512 1469 est,
526 1423 649 1472 personam
714 1409 759 1456 Sit
773 1409 862 1456 Medea
871 1408 950 1468 seron
965 1411 1117 1472 invictaque.
1142 1408 1185 1459 In·

150 1493 253 1559 aliquam
275 1509 305 1542 ex
326 1492 401 1540 lliade
425 1493 487 1541 facis
507 1490 649 1556 Tragoedias
682 1495 764 1555 victa,
778 1509 839 1558 quae
852 1493 928 1550 nullis
941 1494 1130 1559 precibusvinci
1142 1511 1185 1560 po-

150 1581 278 1630 materiem.
317 1579 398 1644 Neque
422 1577 497 1643 igitur
520 1579 652 1626 honoratur
684 1587 747 1640 test,
769 1594 813 1628 nec
829 1595 854 1626 se
871 1581 965 1628 exorari
980 1581 1086 1645 patitur,
1110 1589 1139 1628 ut
1155 1579 1186 1628 li·

149 1682 227 1732 ueque
239 1667 373 1713 Homereas
384 1659 524 1733 ab'lloratio
537 1665 652 1728 scriptum
684 1662 749 1711 beris
763 1672 853 1728 parcat.
876 1665 1011 1714 Devictus
1026 1664 1118 1730 aliquid
1135 1664 1187 1715 dixi

151 1752 225 1800 luisse
239 1751 363 1810 existimo,
376 1748 430 1798 sed:
447 1749 605 1809 Aatfanrurn
616 1763 654 1797 se·
686 1747 716 1797 ad
736 1749 819 1815 virgil.
841 1748 939 1800 heneid.
957 1751 983 1799 T.
1000 1751 1040 1814 lI,
1059 1767 1114 1817 pag.
1128 1751 1187 1800 405.

152 1851 237 1899 quere,
262 1843 308 1884 aut
326 1836 377 1884 sihi
399 1836 571 1883 conuenientia
590 1836 654 1883 scru-
685 1835 778 1883 lloratii
792 1835 877 1883 'locutu
897 1846 953 1884 ante
978 1836 1059 1885 oculos
1082 1821 1188 1885 hahebat

147 1929 208 1987 pter
231 1923 320 1986 Finge.
347 1921 522 1968 Cothornatam
542 1922 568 1968 si
582 1920 655 1981 forte
687 1921 848 1984 Quintilianus
864 1921 942 1971 Instit.
956 1922 1019 1972 Orat.
1033 1922 1117 1985 x1‚a.
1136 1924 1189 1972 Ita-

152 2010 251 2073 repant's
262 2007 399 2069 Achillen,
415 2008 539 2072 Impiger,
555 2007 654 2054 iracun-
686 2022 731 2070 que
746 2007 842 2068 iniis,
864 2023 925 2071 qrrao
940 2008 974 2056 ad
987 2024 1084 2058 uerum
1098 2009 1190 2073 omnpo-

152 2095 209 2156 dus,
226 2092 403 2154 ineacraht'lis,
420 2108 489 2155 acar,
505 2094 567 2141 Iura
579 2100 654 2157 neget
685 2099 796 2155 uantur,
810 2093 928 2157 fabulis,
950 2096 1062 2155 artsflces
1080 2111 1190 2159 pronau-

152 2182 205 2229 su'hi
219 2187 294 2241 nata,
311 2181 380 2234 nihil
390 2194 439 2226 non
453 2185 554 2242 arroget
566 2179 653 2227 amis.
688 2179 773 2225 uendi
799 2193 815 2224 a
831 2181 947 2241 pascuis
970 2195 1062 2243 quoque
1085 2182 1192 2243 affectas

155 2267 183 2314 ln
190 2264 318 2330 Tragoedia
334 2266 440 2329 personis
456 2264 504 2310 tuis
519 2261 559 2310 vel
573 2261 654 2310 tribue
686 2269 848 2326 mutuantur,
870 2271 900 2311 at
920 2266 959 2312 sit
974 2265 1068 2329 Aerope
1083 2267 1113 2312 a'n
1129 2268 1192 2314 Tra·

156 2350 404 2416 characterem,qnem
411 2349 494 2397 Graeci
506 2347 658 2410 tribuerunt,
688 2349 789 2413 gaudiis
806 2350 908 2411 tristis,
923 2356 997 2398 atrae
1008 2351 1110 2413 Medea,
1127 2357 1193 2403 atto-

155 2438 208 2500 rel,
232 2438 254 2485 si
271 2452 354 2485 novam
370 2435 441 2500 fingis
456 2450 594 2500 personam,
614 2435 657 2482 tri·
689 2435 762 2482 nitur
784 2434 868 2497 Aina,
891 2438 1047 2484 truculentus
1062 2437 1191 2491 Hercules.

156 2523 203 2572 buc
224 2521 384 2572 characterem
404 2520 452 2569 sibi
468 2520 655 2569 convenientem.
688 2519 746 2583 llbi,
760 2521 782 2569 si
794 2537 837 2586 pro
846 2521 953 2570 stacte
966 2521 1050 2571 scribis
1057 2523 1191 2587 aarum,

153 2609 179 2656 Si
194 2607 312 2656 Achillem
327 2609 353 2656 in
368 2623 460 2656 scenam
476 2615 530 2671 post
545 2605 605 2654 alios
621 2607 659 2653 in·
690 2604 791 2654 habebis
807 2615 832 2654 et
848 2605 894 2655 hoc
911 2607 989 2655 simile
1005 2609 1147 2672 Horatiano,
1163 2619 1193 2658 ut

156 2693 235 2756 ducis,
257 2692 408 2741 sihchilleru
424 2693 533 2756 reponis,
556 2691 594 2739 sac
610 2691 657 2739 ira-
689 2689 766 2738 simile
788 2700 824 2739 est
843 2691 930 2739 Medea
945 2699 1032 2756 atros,
1056 2703 1081 2742 et
1096 2693 1193 2744 sublata

157 2779 272 2838 cundum
288 2780 309 2826 si
318 2777 437 2839 ldedeam,
454 2777 493 2825 lac
505 2777 619 2824 invictam
633 2785 658 2824 et
691 2777 737 2824 erit
758 2774 905 2839 difficultas,
936 2776 964 2826 de
989 2794 1037 2844 qua
1061 2778 1192 2845 disputavit

157 2866 269 2912 ferocem.
290 2863 414 2914 Sententia
434 2861 493 2909 haec
510 2870 558 2909 tam
576 2862 656 2910 facilis
688 2862 842 2911 Burmannus.
873 2863 930 2911 Nam
951 2863 1041 2929 Aerope
1062 2881 1110 2913 nou
1131 2875 1193 2914 tam-

158 2960 207 3012 est,
224 2965 295 3015 quam
308 2949 360 3014 ipsu
376 2945 517 2995 emendatio.
538 2945 657 3009 Vocabula
689 2964 759 3013 quam
782 2949 870 2997 trustis
885 2949 911 2996 in
928 2948 1017 2998 sabulis
1032 2950 1127 3000 Graecis
1142 2951 1192 3001 fuit

157 3036 265 3101 emptor
280 3035 382 3099 utfinge
394 3033 535 3098 transposui.
549 3033 655 3096 Centies,
689 3043 802 3082 tractata:
819 3051 897 3100 neque
913 3034 1028 3084 credibile
1043 3035 1139 3086 videtur
1148 3039 1192 3087 La·

157 3131 187 3172 ut
202 3120 318 3182 vidimus,
334 3121 360 3168 in
375 3118 420 3168 hac
435 3119 487 3184 ipsa
503 3118 605 3184 epistola
620 3119 656 3166 ss·
688 3121 750 3168 tinos
763 3120 876 3183 Ennium,
888 3120 998 3184 Accium,
1012 3123 1138 3172 Pacuvium
1151 3123 1192 3173 hic

158 3217 243 3258 cerunt
257 3205 359 3255 librarii.
381 3206 414 3254 Ex
430 3203 598 3254 nouantttrt
611 3206 661 3253 feci
691 3222 706 3253 a
721 3205 815 3253 Graecis
831 3204 970 3257 discessisse.

159 3291 368 3344 carnothum.
386 3290 458 3340 Recte
466 3299 547 3339 antem
553 3289 659 3339 Achilles
722 3291 832 3354 Dufficr'le
843 3299 883 3340 est
890 3295 993 3357 proprie
1005 3297 1142 3344 communia
1154 3297 1193 3344 di·

160 3380 319 3439 cothurnatus
327 3377 428 3439 dicitur,
444 3374 661 3442 etquiaindicatur
692 3391 746 3424 cere
777 3376 804 3424 lu
829 3377 866 3426 his
893 3379 1041 3444 explicandis
1064 3382 1111 3430 iam
1135 3381 1193 3429 olim

160 3466 663 3532 personatragica,utpersonaesequeutes
693 3462 844 3511 Grammatiei
859 3463 960 3513 haesisse
976 3465 1096 3516 videntur.
1129 3466 1193 3514 Gom·

161 3551 256 3615 Medea,
265 3552 306 3601 luo
316 3587 323 3614 ‚
332 3551 409 3612 aliae,
418 3559 480 3598 etna
488 3548 660 3614 lectoreseogi·
692 3558 821 3597 mentator:
845 3564 858 3597 s
870 3550 1013 3600 Communia
1028 3551 1122 3614 dhus,
1144 3567 1194 3600 ma·

162 3647 215 3687 tent
228 3637 256 3686 da
272 3636 365 3686 Achille
375 3636 482 3684 heroico.
500 3634 665 3682 Cothornatas
697 3635 782 3683 teriam
802 3633 833 3684 ab
854 3634 908 3685 aliis
927 3635 1069 3703 descriptam
1088 3639 1124 3686 ita
1141 3653 1196 3703 pro·

162 3722 284 3785 Achilles,
308 3721 390 3772 eodem
405 3720 473 3770 modo
492 3719 598 3783 dicitur,
614 3735 661 3786 quo
694 3722 746 3786 prie
756 3719 875 3787 explicare
886 3731 1006 3788 tamquam
1016 3733 1058 3771 tua
1068 3724 1112 3771 sit:
1128 3724 1195 3772 Com·

164 3809 288 3874 Troginus
300 3809 407 3856 Orestes.
425 3807 453 3854 lu
466 3805 582 3871 exemplis
596 3813 662 3853 vete·
692 3808 792 3868 munia,
808 3805 834 3854 id
848 3817 897 3869 est,
911 3809 1001 3856 intacta
1013 3807 1044 3856 ab
1057 3808 1124 3857 aliis:
1138 3825 1194 3858 uum

163 3911 216 3944 rum
246 3894 402 3958 scriptorum,
432 3908 492 3958 quae
517 3901 661 3957 supersunt,
694 3891 757 3957 quud
783 3890 813 3939 ab
839 3891 920 3958 aliquo
943 3894 1009 3958 prius
1031 3893 1121 3943 dictum
1143 3904 1194 3960 est,

163 3982 321 4030 cothurnatus
331 3976 426 4042 quidem
437 3977 576 4043 plerumque
590 3978 664 4042 signi·
693 3976 740 4024 hoc
758 3977 787 4024 fit
801 3979 825 4025 ei
840 3979 970 4043 proprium.
987 3980 1063 4028 Item:
1087 3982 1196 4031 Comma·

165 4064 462 4128 ficatsuhlirnis,gravis.
480 4064 616 4112 lactantius
628 4072 664 4112 ta·
696 4063 757 4124 nc'a,
779 4060 806 4111 id
821 4071 871 4126 est,
892 4080 940 4114 uon
955 4074 1011 4115 aute
1027 4065 1091 4116 dicta
1107 4085 1121 4117 a
1137 4083 1196 4135 qua·
1299 4128 1304 4133 1
