2752 4844
197 387 238 448 46
378 377 381 383 ¹
464 390 676 450 HORATII
706 392 952 454 EPISTULA

225 590 360 660 Proiieit
381 590 549 684 ampullas
571 598 605 660 et
630 593 872 687 sesquipedalia
896 593 1016 683 verba,

191 817 305 878 Scriptor
319 815 516 879 Tragoediarum.
534 816 606 879 Atqui
623 816 690 879 inep-
723 832 795 879 perne
817 815 958 878 notabatur,
982 818 999 863 E
1023 833 1037 864 a
1067 817 1224 882 praecedente

194 911 217 948 te
234 902 349 965 quispiam
364 900 468 962 dixerit,
487 902 579 947 l'aetam
595 903 619 948 in
637 901 692 947 Tra·
724 899 908 948 absorbebatur:
927 901 992 949 vides
1010 902 1065 949 inde
1082 903 1162 950 memli
1178 905 1224 950 ini-

192 986 276 1051 goedia
292 986 384 1040 dolere;
408 988 496 1050 quippe
514 989 555 1050 qui
571 1003 691 1050 nunquam
715 988 784 1033 'tium
796 997 819 1033 et
829 1004 983 1051 progressum.
993 989 1065 1036 lleete
1077 991 1153 1054 igitur
1161 989 1224 1053 apud

193 1090 221 1119 ex
239 1089 337 1136 persona
352 1089 393 1118 sua
411 1072 523 1136 loquitur.
549 1071 611 1119 l'ilit
628 1071 689 1132 hoe,
723 1072 832 1119 Nostrum
855 1075 1018 1120 caniunrimus
1042 1076 1164 1139 Tragieus
1182 1078 1226 1122 Te·

193 1167 221 1203 ut
243 1159 338 1221 opinor,
361 1157 393 1204 u.
413 1158 544 1203 Dar-iarius:
564 1166 587 1202 et
606 1155 693 1203 ideireo
727 1159 825 1220 lephus:
851 1168 875 1205 et
891 1160 995 1223 agnosris
1017 1160 1085 1207 eredo
1102 1161 1226 1225 pulehram

192 1250 297 1289 actorem
311 1242 350 1289 hie
365 1244 552 1305 interpretatur,
570 1258 615 1288 non
632 1243 693 1288 seri·
725 1245 903 1306 appositionem.
946 1245 971 1291 lu
1001 1245 1122 1294 Comoedia
1152 1248 1227 1294 iratus

188 1337 283 1393 ptorem
321 1328 400 1374 livius
432 1327 527 1391 quidem
563 1329 694 1375 Aristonem
729 1330 840 1376 Chremes
855 1329 961 1391 tumido,
976 1331 1001 1377 iu
1014 1331 1141 1394 Tragoedia
1159 1334 1205 1380 Tel
1217 1359 1228 1367 -

193 1413 317 1480 quemdam
337 1416 359 1460 T
358 1415 469 1477 rugieum
485 1422 590 1460 ueterem
609 1430 694 1460 memo·
722 1416 788 1477 phas
807 1431 896 1479 pauper
913 1415 999 1463 humili
1016 1433 1122 1464 sermone
1139 1420 1225 1466 utitur.

195 1511 246 1555 rat3
270 1516 350 1546 verum
369 1516 437 1546 nemo
457 1506 561 1546 actorem
584 1498 691 1546 absolute
724 1500 843 1547 Autvero
858 1501 1094 1564 proetadsrivimus,
1109 1505 1227 1551 sententia

198 1588 329 1650 Tragimm
341 1585 416 1647 dixit,
434 1586 474 1633 sed
490 1588 512 1632 T
510 1580 647 1651 rugaedum.¹
661 1586 695 1632 Tu
728 1585 840 1647 iubente,
864 1587 921 1635 lieet
934 1587 1039 1635 abnuant
1056 1587 1169 1635 librarii:
1193 1590 1227 1636 sie

195 1673 248 1737 lege
267 1683 291 1720 et
307 1672 439 1736 distingue:
463 1674 500 1719 Et
518 1674 630 1737 trugeeus
644 1674 695 1735 ple·
727 1673 791 1720 inlra
807 1690 840 1720 vs.
859 1676 913 1722 104.
933 1676 1034 1737 Telephe
1051 1676 1188 1722 aelPeleu:
1203 1685 1228 1722 et

195 1776 294 1823 rumque
310 1761 375 1811 dalet
396 1775 504 1806 semuaue
517 1760 629 1821 pedestri
650 1760 693 1805 Te·
713 1734 815 1819 xCirera,
838 1769 865 1806 ut
887 1761 933 1806 iam
958 1759 1052 1821 vidisti,
1078 1762 1166 1808 Oresta
1182 1767 1227 1807 aut

197 1848 281 1910 lephus
297 1855 341 1893 aut
359 1847 462 1892 Peleus:
483 1860 536 1891 eum
553 1859 649 1907 pauper
672 1851 697 1888 et
729 1845 886 1892 Athamante.
901 1846 1059 1894 BEbTLElTS.

195 1935 266 1981 eene
283 1941 384 1992 uterque
406 1932 518 1977 Praiieit
533 1931 653 1991 arupullus
670 1935 696 1974 et
759 1929 869 1977 Horatius
891 1948 937 1977 uon
955 1930 1016 1978 dixit
1031 1933 1172 1996 simpliciter
1188 1934 1228 1981 da-

194 2018 374 2080 srsquipeduh'a
391 2017 469 2062 aeria.
488 2013 532 2060 Ubi
553 2015 694 2060 eonstruetio
728 2014 777 2075 let,
795 2015 835 2062 sed
851 2031 960 2063 ceruuahe
963 2018 1078 2080 pedestri
1085 2020 1165 2081 dalet,
1183 2018 1227 2068 hoc

196 2115 244 2165 est,
273 2104 395 2166 Tragicos
417 2101 536 2162 Telephus
565 2109 606 2146 aut
636 2101 696 2146 Tra·
729 2110 778 2161 est,
803 2102 828 2147 in
847 2101 965 2165 tragoedia
980 2113 1004 2150 et
1018 2121 1116 2168 persana
1132 2105 1227 2153 dolente

191 2192 267 2256 gisus
283 2190 370 2235 Peleus
386 2188 524 2252 plerumque
540 2184 627 2232 humili
647 2202 695 2232 ser·
727 2196 797 2249 poeta
814 2188 891 2234 utitur
907 2205 1011 2237 sermone
1029 2190 1146 2254 pedestri,
1163 2191 1227 2252 sive,

196 2293 262 2324 moue
280 2274 352 2322 dolet.
371 2274 452 2320 lloster
466 2272 538 2319 Serm.
555 2271 592 2332 ll,
611 2286 636 2331 v,
654 2272 694 2319 91.
728 2282 756 2318 ut
772 2283 836 2320 reete
850 2274 1035 2323 Commentator:
1058 2278 1151 2323 dolores
1166 2277 1229 2323 seri-
1288 2337 1289 2341 Ἰ

197 2364 283 2410 Davus
298 2363 337 2408 sis
359 2361 471 2407 comicus.
496 2357 574 2404 Cicera
594 2359 618 2403 in
634 2358 694 2403 Piso·
728 2359 766 2404 tit
781 2366 807 2405 et
822 2340 929 2422 expauit.
946 2362 1060 2424 Loquitur
1076 2364 1186 2409 nimirum
1196 2361 1225 2409 de

193 2466 251 2497 ¹nem
268 2450 307 2494 20.
327 2447 380 2508 Ego
398 2453 421 2491 te
437 2460 482 2490 uou
501 2443 633 2502 vecordem,
648 2458 695 2488 trau
728 2451 799 2504 arte,
821 2460 867 2508 qua
885 2455 954 2508 poeta
975 2445 1081 2509 sabulum
1098 2449 1225 2509 componit.

192 2534 336 2594 furiosum,
358 2546 405 2577 riou
420 2536 500 2575 merite
518 2536 632 2591 captum,
649 2545 696 2575 uon
728 2529 792 2575 Tune
806 2539 875 2593 poeta
891 2530 968 2576 amnia
986 2531 1057 2592 fat-it,
1075 2548 1134 2595 quae
1151 2533 1226 2580 artari

201 2619 298 2680 tragico
313 2617 358 2662 illo
381 2616 465 2661 Oreste
481 2621 527 2659 aut
547 2614 697 2660 Athamante
730 2612 824 2660 mandat
847 2624 871 2661 et
890 2615 1024 2663 committit.
1047 2617 1097 2680 lpse
1118 2618 1228 2666 Horatius

199 2703 369 2750 deiiceutiarem
382 2696 493 2763 putem?
516 2699 646 2764 Appuleius
670 2700 695 2745 in
729 2699 800 2762 Epist.
819 2698 842 2759 l,
857 2713 897 2761 111,
917 2702 960 2761 14,
975 2700 1003 2748 de
1020 2703 1157 2750 amieosuo:
1178 2705 1229 2762 Qui

199 2789 327 2853 dpvlogia:
346 2788 493 2848 Quamquam
503 2787 656 2832 teterrimum
670 2800 696 2831 os
730 2785 837 2848 Tragisa
855 2786 966 2834 desaevit
981 2795 1007 2834 et
1024 2791 1176 2852 ampullatur
1199 2793 1228 2838 iu

127 2884 131 2895 '
201 2882 268 2922 turim
285 2875 387 2920 minime
400 2888 414 2917 a
430 2872 643 2934 Thyestutrugieo
659 2871 698 2916 de·
729 2877 792 2917 arte.
810 2868 846 2917 lbi
857 2881 926 2935 poeta
939 2876 1098 2936 ampullatur.
1121 2878 1177 2938 llic,
1192 2894 1226 2926 vs.

198 2968 293 3007 mittet:
309 2958 351 3006 ubi
364 2960 451 3005 frustra
464 2967 532 3016 sunt,
550 2957 591 3020 qui
606 2956 697 3017 Thespi
729 2957 769 3004 97.
784 2973 880 3020 persona
891 2960 998 3021 proiicit
1012 2964 1140 3024 ampullas.
1162 2963 1227 3010 luve-

200 3056 242 3094 aut
258 3045 323 3093 aliud
345 3046 421 3091 nescio
438 3042 495 3107 quid
511 3050 635 3106 reponunt.
663 3041 697 3087 lta
731 3041 778 3088 nal.
795 3043 872 3108 Satyr.
890 3043 935 3105 ll,
951 3046 1007 3093 635.
1028 3049 1124 3095 Grande
1140 3050 1228 3111 Sepho·

201 3134 293 3180 Cmuiei
313 3132 396 3191 serui,
422 3130 516 3176 Caruiei
533 3143 615 3189 serres,
633 3126 696 3190 apud
728 3117 777 3174 cled
790 3144 886 3176 eumaem
904 3130 1046 3178 maeliumur
1061 3135 1141 3181 hiatu.
1156 3134 1227 3195 Quin·

200 3218 317 3264 Plautum.
335 3217 469 3279 Propertius
486 3214 529 3275 ll,
548 3215 629 3282 v,444.
648 3213 696 3260 Sed
727 3213 765 3260 til.
781 3213 858 3262 lustit.
875 3213 982 3278 Oratll,
996 3231 1018 3278 1,
1032 3220 1072 3266 68.
1091 3219 1228 3280 Euripides

195 3304 282 3367 patius
306 3301 392 3348 eraudi
412 3301 489 3346 Thais
505 3301 619 3362 pretiosa
643 3301 696 3347 Me·
728 3301 757 3345 iu
772 3300 902 3360 afflatibus
917 3317 971 3348 eum
990 3305 1112 3364 munibus,
1130 3310 1182 3366 tum
1198 3298 1248 3351 ἐπ’

199 3389 298 3435 hurrdri.
326 3388 384 3433 Cum
400 3387 470 3444 serit
491 3392 589 3431 astutas
606 3387 696 3432 amnica
728 3387 779 3445 iis,
795 3387 840 3447 qui
854 3388 1014 3435 miseratione
1037 3397 1167 3446 constant,
1182 3391 1227 3450 fa-

197 3477 292 3522 moeeha
304 3476 386 3520 Getas.
396 3471 510 3518 Caecilius
517 3470 623 3534 Epirlero
631 3470 694 3536 apud
726 3473 774 3518 sile
786 3474 944 3535 praecipuus.
962 3474 987 3520 Si
1004 3485 1074 3538 poeta
1090 3476 1115 3522 in
1128 3476 1227 3540 Tragoe-

198 3561 330 3608 Cieeronem
355 3561 379 3607 in
402 3558 480 3605 laelio
495 3558 535 3605 26.
562 3558 642 3604 Hodie
659 3573 696 3604 ma
729 3556 767 3604 dia
784 3574 903 3622 nunquam
917 3559 995 3619 dolet,
1013 3560 1085 3607 etiam
1098 3561 1227 3610 nonhabet

197 3655 255 3695 aute
285 3661 365 3693 ourhes
388 3646 488 3691 amnicos
511 3645 602 3691 stultas
625 3659 695 3690 seres
726 3642 840 3705 affectus,
867 3654 891 3691 et
909 3645 1068 3706 Quintilianus
1092 3645 1169 3694 disere
1187 3647 1227 3694 de·

201 3735 312 3780 Versuris
334 3742 406 3795 utque
433 3732 523 3778 luseris
544 3731 693 3777 lautissime.
728 3728 833 3776 buisset:
860 3746 970 3793 personae
989 3732 1092 3796 tragieae
1109 3733 1228 3798 Euripidis

198 3818 240 3866 Ubi
255 3837 297 3884 pro
314 3821 405 3866 luseris
417 3817 536 3865 Palatinus
552 3817 641 3880 primus
657 3814 697 3860 Co·
730 3816 754 3861 in
764 3814 952 3863 alleetibussunt
962 3817 1032 3864 tutte
1041 3821 1227 3884 praecipuae.-

197 3903 242 3952 der
274 3904 344 3952 habet
373 3906 492 3951 ilumeris:
518 3900 580 3949 unde
604 3903 693 3964 eorrigo
729 3902 850 3966 Tragieus
866 3912 901 3949 est
922 3903 1009 3968 aliquis
1024 3906 1053 3952 iu
1076 3909 1226 3971 Tragoedia,

198 3991 340 4037 certissime:
371 3992 481 4036 Versam's
497 3997 569 4051 utque
584 4001 696 4034 ememus·
728 3997 755 4033 ut
765 3988 1226 4058 PeleustrugieusestPeleusqualisiu

198 4077 238 4125 ris
253 4076 402 4123 diutissime.
414 4076 493 4122 litera
508 4075 531 4120 bl
547 4083 639 4120 tantum
654 4088 693 4120 su·
724 4071 851 4136 Tragoedia
863 4074 998 4136 inducitur;
1013 4076 1132 4126 interdum
1140 4088 1166 4126 et
1172 4078 1227 4126 Tra·
