2752 4844
494 374 553 433 All
584 377 800 439 PISONES.

166 571 373 643 Mercatorne
397 595 520 666 usgue,
546 575 701 649 cultorne
722 582 856 652 virentis
880 582 1001 676 agellii

167 689 332 781 Colchus,
358 715 399 761 an
419 690 594 785 Assyrium
619 695 742 768 Thebis
761 702 924 791 nutritus,
950 726 992 771 an
1012 701 1120 795 Argis.

133 980 166 1011 on
189 965 266 1013 adhoc
288 967 394 1029 florento
414 947 520 1014 'iuventa
543 966 629 1013 Fervi-
661 963 756 1027 helans,
781 965 856 1014 multa
878 965 967 1032 agendo
987 967 1049 1014 nihil
1070 984 1152 1033 agens,

134 1049 203 1109 elior5
227 1058 339 1098 matrona
361 1058 462 1114 potens,
487 1068 520 1098 an
543 1051 627 1099 sedulo
659 1048 705 1096 sibi
720 1049 818 1098 molesto
835 1061 859 1099 et
874 1051 927 1099 aliis
944 1051 1103 1115 odiosissima‚
1126 1063 1154 1100 ut

133 1137 230 1183 nutris.
255 1137 355 1201 Utraque
379 1136 496 1200 particula
517 1143 542 1182 ot
562 1151 594 1182 on
615 1152 627 1182 e
661 1133 777 1183 Phaedrus
802 1135 947 1183 ardelionum
963 1139 1090 1185 nationem
1115 1136 1155 1185 ‹le-

133 1219 208 1284 glossa
229 1222 300 1268 inseri
316 1223 408 1286 potuit,
436 1222 507 1269 sicuti
525 1223 550 1268 in
574 1219 627 1268 cod.
661 1220 751 1288 scribit
777 1222 815 1268 Est
836 1222 918 1286 inepta
934 1221 1062 1284 sedulitas,
1084 1238 1154 1288 quam

131 1305 258 1369 Reginensi
281 1305 412 1370 legebatur.
435 1306 559 1370 Eleganter
572 1305 627 1365 for·
658 1305 754 1368 Graeci,
772 1314 799 1354 ut
812 1305 983 1372 Theophristus
996 1310 1021 1355 in
1034 1306 1155 1355 Characte-

133 1391 215 1438 vidior
225 1392 314 1454 adlice,
328 1390 354 1439 id
368 1401 403 1439 est
411 1394 496 1456 paullo
508 1392 625 1454 calidior,
658 1390 737 1454 ribus,
746 1393 902 1458 περιεργίαν
916 1393 1046 1458 appellant.
1063 1393 1154 1441 Talium

132 1486 160 1523 ut
175 1487 230 1524 sunt
245 1476 340 1525 florenti
355 1478 459 1526 invento.
658 1476 791 1540 hominum,
806 1479 912 1543 inprimis
926 1479 1066 1526 feminarum
1080 1480 1156 1526 nutri-

162 1563 280 1610 Matrono
295 1569 398 1626 potens,
419 1579 452 1610 on
473 1562 560 1609 scdulo
582 1578 625 1609 nu·
657 1579 724 1625 cum,
737 1573 772 1610 est
786 1563 860 1610 multa
873 1563 939 1629 loqui
950 1575 975 1612 et
988 1567 1084 1629 garrire.
1099 1564 1156 1612 Con·

131 1649 193 1696 tris.
219 1649 264 1696 Fea
280 1650 305 1696 in
321 1648 374 1696 God.
390 1648 427 1696 lt.
446 1648 564 1711 (Vaticano
580 1648 625 1694 Re·
657 1658 694 1695 tra
716 1658 821 1695 matrona
840 1656 926 1712 potoris
942 1649 1048 1714 loquitur
1065 1666 1153 1714 pauca,

130 1734 211 1798 ginae,
224 1732 353 1781 Christinae
366 1731 462 1796 Suecae)
476 1735 567 1780 invenit
576 1748 626 1779 mo·
659 1742 683 1779 et
698 1734 775 1780 omnia
791 1734 851 1780 facit
866 1750 919 1781 cum
935 1735 1058 1798 gravitate.
1073 1734 1155 1782 Corne·
1213 1743 1217 1752 “

131 1825 202 1864 trono
218 1834 324 1882 parens,
347 1817 417 1884 idque
437 1828 484 1865 tim
500 1835 581 1865 verum
598 1828 622 1865 et
654 1817 701 1880 lia,
722 1828 797 1865 mater
812 1817 982 1881 Gracchorum,
1000 1829 1050 1867 erat
1069 1829 1155 1866 matro-

131 1903 225 1951 evidens
245 1903 334 1967 hahet,
357 1914 384 1951 ut
406 1905 477 1951 etiam
498 1905 547 1951 sine
563 1902 623 1951 MSS.
657 1921 687 1951 na
699 1911 796 1968 potens.
814 1905 923 1970 Compara
937 1921 989 1953 cum
1004 1922 1032 1952 ea
1047 1906 1155 1953 sedulam

129 1990 156 2036 in
176 1991 283 2054 opposito
301 1988 472 2037 restituendum
488 1988 527 2036 illi
547 1988 625 2036 videa·
656 1991 790 2052 culmem,
805 1992 906 2055 etfinge
923 1990 969 2038 tihi
982 1992 1104 2056 utriusque
1118 1992 1154 2039 in-

129 2083 176 2122 tur,
193 2076 300 2123 Nutrico'
316 2077 378 2122 enim
395 2073 558 2139 opponendum
576 2091 624 2122 esse
658 2092 760 2138 cessum,
781 2076 888 2139 vultum,
907 2076 1016 2125 habitum
1034 2088 1058 2125 et
1074 2094 1154 2125 vocem

128 2168 248 2222 matram,
265 2171 293 2208 ut
307 2168 432 2207 matroooo
448 2161 575 2224 opponitur
590 2175 626 2206 se·
659 2170 683 2207 et
698 2177 842 2224 sermonem,
864 2172 888 2209 et
904 2178 996 2225 veram,
1019 2161 1101 2225 credo,
1118 2164 1154 2210 rei

129 2246 194 2293 dola.
220 2245 331 2310 Equidem
356 2244 424 2309 longe
448 2244 519 2291 iliter
539 2246 623 2291 sentio.
656 2246 781 2309 imaginem
796 2246 925 2311 intelliges.
951 2246 1076 2295 Neerlandi
1091 2250 1153 2312 cogi-

129 2330 178 2378 Iam
198 2323 300 2396 primum
323 2330 408 2378 sedulo
428 2346 475 2377 non
499 2330 626 2394 opponitur
658 2339 734 2377 tamus
755 2347 852 2378 uxorem
871 2333 957 2379 veteris
973 2333 1152 2398 Burgimagistri

127 2424 265 2478 matronae,
288 2414 329 2464 sed
339 2417 447 2480 potenti.
465 2415 517 2479 lpsa
533 2422 623 2462 matro-
654 2409 883 2479 Amstelodamensis‚
909 2427 933 2464 et
949 2417 1088 2480 mulierem,
1113 2419 1151 2466 vel

127 2518 160 2549 oo
172 2501 291 2550 interdum
302 2511 365 2550 seete
378 2500 513 2566 appellatur
526 2501 623 2563 scdulo,
656 2502 730 2566 ipsius
751 2511 869 2550 matronae
891 2502 947 2550 olim
969 2503 1092 2566 altricem,
1114 2504 1152 2552 vel

128 2597 246 2654 tamquam
263 2587 324 2636 bona
340 2598 415 2636 mater
431 2586 547 2648 familias,
564 2603 624 2651 qnae
657 2589 768 2652 patricios
797 2589 900 2635 infantes
928 2590 954 2636 in
980 2588 1103 2637 cunabulis
1127 2599 1151 2638 et

127 2674 193 2721 domi
205 2674 312 2735 sedebat,
323 2676 403 2721 lorsam
412 2673 546 2734 tractabat,
561 2671 623 2737 quod
656 2674 744 2737 gremio
764 2673 890 2720 foventem.
917 2674 1023 2738 Denique
1039 2681 1152 2722 matrona

125 2777 291 2826 nonnunquam
312 2761 337 2808 in
356 2758 435 2807 titulis
451 2756 623 2830 sepulcralibus
650 2773 743 2821 parcns
763 2767 798 2804 est
819 2764 930 2805 rnotrooo
945 2766 1041 2820 motor,
1058 2775 1151 2822 parmis

126 2843 257 2909 legebatur.
271 2846 344 2908 Apud
358 2848 473 2904 Graecos,
489 2844 568 2907 inquit
581 2842 621 2890 Co·
648 2859 748 2907 parens.
774 2844 891 2891 Matrona
912 2844 974 2890 enim
996 2860 1042 2891 non
1064 2842 1151 2892 dicitur

126 2929 225 2978 lumella
241 2931 342 2978 Praefat.
357 2927 479 2978 Librinl
496 2927 525 2975 de
538 2928 571 2975 lle
584 2945 623 2975 ru-
654 2931 700 2976 nisi
716 2944 808 2993 parens
825 2938 850 2976 et
864 2936 959 2991 mater,
985 2945 1044 2994 quae
1067 2930 1150 2979 saltem

79 3014 80 3018 ’
125 3017 198 3078 stica,
215 3023 241 3063 et
255 3031 310 3063 scos
325 3015 391 3078 apid
403 3015 534 3075 Rauracos,
549 3029 624 3077 osque
655 3031 727 3062 unum
749 3013 836 3063 haheat
851 3015 974 3062 infantem.
999 3016 1091 3063 Maneat
1106 3018 1151 3081 igi-

125 3102 154 3147 ἐπ
176 3108 280 3165 potrum
308 3108 445 3148 nostrorum
467 3100 620 3161 oeconomiam,
654 3109 694 3146 tur
709 3107 822 3147 matrona
833 3107 934 3163 potesis,
947 3099 993 3147 hoc
1009 3110 1044 3148 est
1057 3117 1106 3149 una
1121 3119 1151 3152 ex

116 3186 174 3247 sero
204 3187 350 3234 domesticus
379 3187 445 3233 labor
476 3185 623 3232 matronalis
654 3184 807 3250 optimatibus
837 3187 961 3247 matronis,
991 3186 1151 3236 commendata

117 3273 262 3332 fuit-m
281 3281 312 3321 ot
329 3288 382 3320 cum
392 3271 536 3332 forensibus
558 3268 620 3335 (viri)
654 3286 745 3335 quoque
769 3270 842 3318 simili
866 3271 916 3319 loco
938 3272 1054 3320 luvenalis
1072 3273 1149 3340 Satyn

125 3361 237 3424 nogotiis
252 3359 399 3406 matronalis
414 3357 535 3404 sedulitas
552 3357 623 3404 indu-
655 3356 680 3417 l,
692 3358 730 3404 70.
755 3357 869 3404 Occurrit
885 3364 996 3404 matrona
1007 3365 1104 3422 potens.

125 3446 204 3492 striae
223 3460 311 3509 parem
334 3444 456 3491 rationem
464 3441 570 3503 faceret.
595 3442 623 3488 Et
689 3441 788 3490 Colchus
810 3458 842 3489 on
865 3441 992 3506 Assyrios.
1026 3444 1149 3508 Utriusque

126 3530 214 3577 multae
236 3540 291 3577 sunt
307 3538 425 3577 matronae
442 3528 552 3588 sedulos,
574 3543 620 3574 nou
652 3528 751 3574 nominis
767 3527 864 3592 gentilis
881 3528 1014 3593 exemplum
1030 3545 1072 3592 per
1090 3527 1150 3577 mihi

95 3644 98 3650 ·
125 3622 203 3662 tamen
219 3614 313 3663 eaedem
326 3621 447 3678 potentes.
473 3613 563 3660 Sedula
581 3628 621 3659 au·
653 3613 738 3659 mirum
759 3612 852 3662 accidit.
875 3613 962 3661 Acron:
989 3614 1088 3661 Colchus
1103 3629 1150 3661 non

125 3708 173 3746 tem
189 3710 253 3747 recte
274 3701 400 3764 opponitur
412 3699 527 3763 poterell,
549 3698 621 3762 inpri-
653 3699 707 3745 sisi
725 3714 812 3746 saevus
835 3696 986 3747 inducendus
1001 3706 1052 3759 est,
1073 3698 1148 3762 Assy-

124 3785 169 3831 mis
182 3784 265 3831 sedulo
276 3787 366 3832 nutris
375 3785 475 3848 potenti
487 3791 620 3831 matronae.
653 3785 709 3831 sios
724 3792 824 3833 astutus
841 3794 866 3833 ot
882 3785 987 3833 collidus
1003 3791 1028 3830 ct
1045 3785 1148 3832 divitiis

123 3869 160 3917 lta
185 3871 247 3916 enim
268 3871 351 3917 sedulo
375 3871 426 3917 fere
448 3870 565 3934 significat
586 3868 621 3915 vi·
652 3871 761 3931 affluens.
778 3869 1148 3931 Commentator:Colclios,sae·

124 3957 199 4018 uum,
216 3971 299 4020 nempe
315 3956 385 4002 nimis
397 3955 491 4018 sedulo,
509 3953 569 4001 mole
585 3969 620 4001 se·
652 3970 712 4016 ons,
738 3955 900 4017 inhospitalis
921 3955 1070 4002 inducendus
1093 3963 1148 4004 cst:

125 4040 195 4104 dulc,
213 4039 304 4106 trepide
321 4055 470 4102 concussius,
492 4040 564 4104 gratis
580 4055 619 4088 an-
651 4041 709 4087 lsinc
724 4040 811 4087 Modco
826 4040 936 4087 Colchico
949 4041 1148 4104 meretrio,quoo
1219 4080 1220 4084 ,
