2752 4844
183 424 242 485 110
444 421 657 481 nostru
691 420 938 483 EPISTOLA

217 625 288 694 Aut
310 625 481 718 ignoratae
498 624 624 718 premit
645 623 725 691 artis
748 625 887 695 crimine
909 627 1014 718 turpi.

210 745 286 814 Non
310 744 419 836 quivis
439 740 529 811 videt
556 739 776 810 immodulata
799 750 954 836 poemata
973 743 1094 831 iudex,

209 861 252 932 Iit
274 860 351 930 data
371 863 531 931 Romanis
555 861 650 930 venia
672 868 724 929 est
747 860 883 954 indigna
909 863 1028 955 poetis.

176 1107 275 1154 cierium
289 1108 316 1154 in
330 1105 397 1154 illius
411 1107 554 1153 sententiam
570 1114 636 1152 recte
650 1113 676 1152 et
708 1102 835 1169 spondeos,
848 1121 895 1152 nou
903 1114 983 1153 tamen
992 1108 1019 1154 in
1031 1103 1111 1153 sedem
1124 1121 1209 1154 secun

176 1191 307 1258 prudenter
321 1192 469 1240 concessisse.
488 1190 649 1238 BHN'HHIVS.
706 1189 774 1251 dam,
791 1199 933 1255 quartamet
945 1201 1045 1239 sertam.
1061 1191 1100 1239 sie
1113 1189 1209 1239 iambus

208 1278 237 1325 ln
252 1279 405 1325 annotatione
415 1275 554 1324 Bentleiaua
566 1277 612 1323 tria
620 1284 676 1322 suut
708 1277 759 1339 egit
782 1274 847 1340 apud
860 1276 974 1338 Graecos,
998 1278 1032 1326 sic
1054 1277 1138 1325 Graeci
1152 1293 1208 1325 eum

175 1361 390 1411 animadvertenda.
423 1361 556 1426 Quomodo,
581 1363 675 1426 iuquit,
708 1361 818 1408 fecerunt
833 1372 951 1426 agentem.
967 1362 1014 1410 Sed
1024 1361 1080 1410 vide
1095 1361 1208 1428 quidlin-

175 1466 270 1511 versus,
284 1451 386 1514 quinon
398 1457 512 1513 apparet,
529 1457 625 1495 accusat
633 1457 676 1495 aut
707 1447 773 1493 mani
789 1447 899 1495 fecerint.
925 1447 1019 1496 Iambus
1035 1448 1078 1496 ille
1097 1465 1151 1495 raro
1166 1464 1209 1513 ap-

176 1537 274 1583 erimine
288 1535 392 1600 premit?
414 1533 461 1582 Sed
475 1551 524 1581 non
540 1533 631 1599 legitur
645 1533 676 1580 id-
707 1541 776 1597 paret
796 1534 822 1580 in
844 1535 958 1581 trimetris
980 1536 1047 1582 Accii
1070 1543 1096 1582 et
1120 1534 1205 1589 Eunii;

177 1621 221 1669 lud
233 1628 407 1685 nonopparet‚·
423 1637 505 1668 verum
518 1635 593 1667 ransc
604 1635 679 1683 appu-
710 1634 779 1682 saepe
796 1635 911 1684 nusquam
927 1622 1033 1667 cernitur
1046 1622 1095 1668 nisi
1106 1621 1209 1668 inserta

177 1715 225 1755 ret.
239 1707 317 1772 Igitur
331 1716 396 1754 recte
412 1716 514 1754 accusat.
540 1705 566 1753 si
581 1705 677 1770 legatur
708 1703 771 1752 oede.
795 1704 892 1767 Quando
908 1707 981 1753 etiam
1001 1705 1040 1753 vel
1057 1708 1083 1753 in
1104 1703 1209 1753 secunde

177 1795 271 1840 niente
286 1809 372 1840 mnes
382 1794 492 1856 prosilit,
517 1790 577 1839 dura
593 1799 629 1838 est
644 1789 678 1838 el·
709 1789 749 1836 vel
772 1792 798 1838 in
818 1801 904 1855 quarta
924 1790 962 1839 vel
978 1794 1004 1840 in
1026 1802 1128 1856 utraque
1144 1800 1207 1852 stat,

176 1879 245 1943 lipsis
266 1877 409 1926 substantivi
429 1880 576 1941 scriptores,
598 1883 681 1923 uecto-
711 1884 773 1922 stare
790 1875 899 1938 videtur,
916 1887 1036 1942 tamquam
1051 1886 1142 1924 ceteros
1155 1893 1209 1925 rer-

181 1980 230 2012 rcc.
247 1965 353 2028 Denique
367 1980 476 2025 caesura,
491 1978 550 2027 quae
559 1963 635 2009 minor
643 1970 679 2008 est
711 1977 750 2008 sus
762 1961 921 2026 reprehendat
934 1972 960 2011 et
972 1973 1081 2024 accuset,
1089 1965 1158 2028 quasi
1170 1979 1209 2010 ce·

178 2051 205 2098 in
221 2066 276 2097 cum
288 2065 376 2114 magno
387 2049 494 2112 pondere
507 2064 578 2112 quarn
592 2063 681 2112 magno
711 2046 786 2094 lerius
799 2057 824 2094 et
836 2049 887 2095 sine
901 2058 952 2096 arte
965 2047 1103 2097 elaboratos.
1123 2048 1148 2095 Si
1158 2065 1209 2096 om·

178 2136 358 2199 compondere,
376 2136 456 2200 prius,
464 2144 493 2182 ut
500 2144 592 2182 taceam
600 2133 679 2196 tiss,
710 2149 754 2181 nes
766 2149 847 2181 versus
857 2135 924 2182 Accii
936 2144 962 2182 et
974 2136 1044 2183 Ennii
1055 2151 1128 2182 unum
1138 2133 1208 2182 modo

178 2220 332 2270 commendat.
347 2221 443 2268 Veteres
457 2230 535 2268 tamen
543 2218 680 2267 tarditatem
712 2217 829 2267 haherent
844 2219 964 2282 iambum,
981 2221 1080 2269 tarditas
1092 2221 1169 2268 miuus
1181 2222 1209 2269 in

178 2309 306 2374 praecipue
327 2309 353 2354 iu
376 2308 434 2372 ipsis
455 2304 564 2371 spondeis
586 2307 680 2371 quaesi-
710 2306 791 2353 oculos
806 2307 947 2354 incurreret.
966 2307 1032 2354 Hunc
1046 2325 1076 2355 ex
1089 2322 1209 2371 compara-

178 2397 238 2443 visse
253 2393 373 2441 videntur.
401 2393 525 2456 Virgilius:
548 2393 595 2439 uti
612 2393 681 2437 iuter
713 2393 778 2437 tioue
792 2391 921 2438 tardiorum
929 2408 983 2438 cum
997 2391 1210 2440 celerioribusdis-

179 2495 233 2527 eece
247 2493 337 2541 mugrta
352 2479 380 2522 vi
398 2477 498 2521 machia
515 2477 613 2521 tollunt.
635 2473 679 2521 ubi
711 2476 800 2521 crimen
823 2476 933 2522 sentitur.
969 2474 1063 2522 lembus
1087 2475 1127 2523 hic
1155 2477 1210 2526 illic

178 2566 205 2612 in
220 2562 287 2609 nullo
302 2559 386 2607 Codice
398 2561 521 2606 inventum
533 2568 569 2606 est
585 2561 613 2606 vi
625 2575 676 2605 ma-
707 2575 822 2624 apparens
837 2561 926 2624 premit
937 2569 1027 2607 ceteros
1041 2577 1129 2609 versus.
1143 2562 1210 2610 Com-

175 2649 238 2714 gnu.
249 2647 307 2694 Tota
315 2645 484 2710 disputationis
490 2646 681 2692 Horatianaeua-
711 2645 820 2709 paratio,
836 2655 865 2691 ut
880 2643 940 2693 dicit
955 2644 1060 2707 Seneca,
1076 2664 1126 2695 rem
1142 2648 1209 2697 tollit

179 2745 234 2782 tura
256 2743 282 2782 et
295 2734 408 2780 orationis
423 2730 484 2780 hene
505 2729 678 2779 connectendae
710 2730 750 2778 vel
762 2729 883 2795 deprimit.

178 2821 284 2869 facilitas
304 2817 365 2866 mihi
378 2817 439 2865 hanc
461 2817 637 2865 distinctionem
652 2826 677 2864 et
740 2817 780 2864 Et
803 2817 864 2865 dcta
879 2819 999 2866 Romanis
1019 2821 1092 2866 venia
1112 2827 1151 2868 est
1167 2822 1208 2867 in-

178 2908 320 2971 scripturam
338 2903 457 2970 postulare
473 2902 597 2950 videntur:
619 2902 677 2950 Non
709 2903 787 2967 digna
795 2903 888 2966 poetis.
920 2905 1031 2954 Horatius
1043 2905 1089 2953 hoc
1104 2906 1151 2954 sibi
1166 2905 1208 2954 ob-

178 2995 220 3039 ita
231 2992 344 3055 pridem,
363 2990 470 3038 Tardior
481 2996 512 3036 ut
522 2989 608 3052 paullo
617 3003 678 3052 gra·
709 2990 752 3037 iici
766 2990 851 3054 fingit,
870 2999 898 3037 ut
914 3007 984 3055 saepe
997 2994 1023 3039 in
1044 2990 1090 3038 hac
1109 3002 1133 3039 et
1153 2991 1208 3040 aliis

178 3079 279 3138 vinno
292 3077 389 3124 veniret
403 3076 437 3122 ad
451 3090 538 3136 auree,
554 3073 677 3136 Spondeos
707 3074 818 3139 Epistolis
834 3085 859 3122 et
879 3075 1043 3133 Sermonibns;
1067 3077 1145 3125 veluti
1160 3087 1207 3124 sta·

178 3163 319 3210 stadilecin
326 3163 384 3208 iura
387 3170 496 3225 paterna
507 3161 602 3223 recepit
610 3158 677 3207 Com·
709 3161 753 3207 tim
768 3161 795 3207 in
815 3161 945 3225 principio:
973 3163 1116 3210 Pictoridaee
1133 3171 1207 3224 atque

176 3247 263 3294 modus
280 3253 307 3292 et
317 3247 434 3309 patieris:
449 3262 510 3306 non,
526 3252 557 3293 ut
577 3244 677 3293 decede
704 3245 789 3308 poetis
805 3246 1207 3312 Quidtidetastdendisempersuit

178 3331 283 3381 secunda
300 3330 402 3378 Cederet
413 3338 459 3377 aut
470 3337 676 3393 qrmrtaaestave.
709 3345 785 3393 nequa
803 3338 925 3394 potestus.
943 3332 981 3381 [hi
992 3335 1043 3398 ipse
1062 3333 1204 3398 respondet:

179 3419 229 3467 Sed
252 3418 293 3464 hic
309 3417 380 3463 etin
394 3414 456 3463 Acci
473 3413 606 3463 Nobilibus
626 3417 675 3463 tri-
707 3417 817 3478 Seimua‚
835 3426 860 3465 et
876 3427 928 3465 tum
943 3419 1043 3466 refutat.
1068 3419 1111 3466 Hic
1125 3419 1206 3483 culpa-

176 3506 267 3552 metris
278 3517 400 3566 apperens
413 3517 487 3548 rums
503 3510 529 3548 et
544 3501 627 3563 Eunt,
643 3503 675 3550 In
705 3512 773 3549 verat
785 3519 865 3550 versus
877 3505 943 3551 Accii
958 3514 983 3551 et
991 3505 1067 3552 Ennii.
1081 3503 1154 3565 Sunt,
1169 3507 1207 3553 in-

178 3605 274 3638 eoeuum
288 3589 378 3634 missos
397 3602 451 3633 cum
465 3603 555 3652 magno
567 3587 674 3651 pendere
706 3589 773 3652 quit,
789 3588 946 3638 immodulati.
963 3589 1031 3636 Dicet
1044 3589 1143 3636 fortasse
1161 3590 1206 3639 ali-

176 3691 263 3724 versue
279 3675 333 3723 Aut
354 3687 438 3736 operae
457 3674 545 3720 celeris
566 3674 673 3720 nimium
704 3675 769 3737 quis:
785 3691 833 3722 non
845 3675 923 3740 quivis
935 3673 1008 3722 iudex
1020 3673 1066 3722 hoc
1081 3675 1162 3738 videt,
1180 3687 1205 3725 et

174 3775 279 3825 curaque
311 3760 435 3820 carentis,
463 3759 517 3807 Aut
544 3760 675 3824 ignorum
707 3757 766 3807 haec
784 3761 854 3807 venia
874 3760 984 3808 Romanis
996 3759 1074 3810 datur.
1094 3761 1206 3810 Horatius

171 3849 268 3910 premit
283 3848 351 3894 artis
361 3846 467 3892 crimine
483 3846 561 3908 tropi.
583 3844 676 3891 Horati·
707 3844 841 3909 respondet.
855 3845 900 3893 Fac
908 3863 936 3893 ea
945 3847 979 3894 sic
988 3863 1037 3894 esse
1045 3883 1052 3909 ‚
1061 3857 1090 3894 ut
1100 3858 1128 3895 tu
1136 3847 1203 3896 dicis.

174 3948 204 3979 us
219 3933 266 3980 iam
281 3948 315 3980 vs.
331 3934 377 3980 251
395 3932 505 3980 Iantdum
520 3932 580 3979 fecit
593 3945 671 3995 perso-
702 3929 758 3978 ldeo
771 3930 847 3993 mihi,
860 3933 903 3996 qui
918 3931 1017 3980 meliora
1032 3932 1139 3996 videam,
1161 3950 1204 3980 ne·

173 4032 237 4065 uam.
259 4017 329 4064 lussit
344 4016 437 4064 iambus
452 4033 495 4064 sua
509 4015 554 4064 illa
569 4016 672 4062 carmina
704 4014 864 4080 gligentieeee
877 4017 1004 4066 nonlicet.
1021 4019 1139 4067 Hactenus
1154 4018 1202 4066 dis·

172 4100 292 4168 appellari
311 4103 426 4151 trimetri.
458 4099 561 4149 Iambus·
575 4099 671 4148 admisit
702 4103 796 4165 putatio
823 4112 888 4150 recte
917 4103 1038 4169 procedit,
1067 4104 1109 4167 sed
1131 4106 1202 4152 venia
