<?xml version="1.0" encoding="UTF-8"?>
<!DOCTYPE html PUBLIC "-//W3C//DTD XHTML 1.0 Transitional//EN"
    "http://www.w3.org/TR/xhtml1/DTD/xhtml1-transitional.dtd">
<html xmlns="http://www.w3.org/1999/xhtml" xml:lang="en" lang="en">
 <head>
  <title>
</title>
<meta http-equiv="Content-Type" content="text/html;charset=utf-8" />
  <meta name='ocr-system' content='tesseract 3.04.00' />
  <meta name='ocr-capabilities' content='ocr_page ocr_carea ocr_par ocr_line ocrx_word'/>
</head>
<body>
  <div class='ocr_page' id='page_1' title='image "./qhoratiiflaccie01horagoog_0155.png"; bbox 0 0 2752 4844; ppageno 0'>
   <div class='ocr_carea' id='block_1_1' title="bbox 189 394 932 458">
    <p class='ocr_par' dir='ltr' id='par_1_1' title="bbox 189 394 932 458">
     <span class='ocr_line' id='line_1_1' title="bbox 189 394 932 458; baseline -0.005 0"><span class='ocrx_word' id='word_1_1' title='bbox 189 397 260 458; x_wconf 77' lang='lat'>146·</span> <span class='ocrx_word' id='word_1_2' title='bbox 448 395 660 456; x_wconf 81' lang='lat' dir='ltr'><strong>llOllAl&#39;lI</strong></span> <span class='ocrx_word' id='word_1_3' title='bbox 690 394 932 455; x_wconf 77' lang='lat' dir='ltr'><strong>EPISTULA</strong></span> 
     </span>
    </p>
   </div>
   <div class='ocr_carea' id='block_1_2' title="bbox 216 593 1173 692">
    <p class='ocr_par' dir='ltr' id='par_1_2' title="bbox 216 593 1173 692">
     <span class='ocr_line' id='line_1_2' title="bbox 216 593 1173 692; baseline -0.001 -25"><span class='ocrx_word' id='word_1_4' title='bbox 216 597 368 692; x_wconf 83' lang='lat' dir='ltr'>Occupet</span> <span class='ocrx_word' id='word_1_5' title='bbox 379 604 564 668; x_wconf 86' lang='lat' dir='ltr'><strong>extremum</strong></span> <span class='ocrx_word' id='word_1_6' title='bbox 578 593 723 679; x_wconf 70' lang='lat' dir='ltr'><strong>scabies:</strong></span> <span class='ocrx_word' id='word_1_7' title='bbox 737 594 818 663; x_wconf 91' lang='lat' dir='ltr'><strong>mihi</strong></span> <span class='ocrx_word' id='word_1_8' title='bbox 829 601 931 688; x_wconf 84' lang='lat' dir='ltr'><strong>turpe</strong></span> <span class='ocrx_word' id='word_1_9' title='bbox 947 595 1091 689; x_wconf 86' lang='lat' dir='ltr'><strong>relinqui</strong></span> <span class='ocrx_word' id='word_1_10' title='bbox 1104 604 1173 686; x_wconf 84' lang='lat' dir='ltr'><strong>est,</strong></span> 
     </span>
    </p>
   </div>
   <div class='ocr_carea' id='block_1_3' title="bbox 171 818 1267 4129">
    <p class='ocr_par' dir='ltr' id='par_1_3' title="bbox 173 818 1267 3186">
     <span class='ocr_line' id='line_1_3' title="bbox 182 818 1208 884; baseline 0.001 -17"><span class='ocrx_word' id='word_1_11' title='bbox 182 836 251 882; x_wconf 83' lang='lat' dir='ltr'><strong>vero,</strong></span> <span class='ocrx_word' id='word_1_12' title='bbox 266 821 288 868; x_wconf 90' lang='lat' dir='ltr'><strong>si</strong></span> <span class='ocrx_word' id='word_1_13' title='bbox 303 835 367 869; x_wconf 74' lang='lat' dir='ltr'><strong>meno</strong></span> <span class='ocrx_word' id='word_1_14' title='bbox 381 821 449 869; x_wconf 81' lang='lat' dir='ltr'><strong>sotis</strong></span> <span class='ocrx_word' id='word_1_15' title='bbox 461 826 499 867; x_wconf 83' lang='lat' dir='ltr'><strong>est</strong></span> <span class='ocrx_word' id='word_1_16' title='bbox 512 818 623 868; x_wconf 88' lang='lat' dir='ltr'><strong>voluisset</strong></span> <span class='ocrx_word' id='word_1_17' title='bbox 632 818 677 866; x_wconf 87' lang='lat' dir='ltr'><strong>Ho·</strong></span> <span class='ocrx_word' id='word_1_18' title='bbox 709 821 776 867; x_wconf 83' lang='lat' dir='ltr'><strong>sotis</strong></span> <span class='ocrx_word' id='word_1_19' title='bbox 788 821 844 868; x_wconf 82' lang='lat' dir='ltr'><strong>sisse</strong></span> <span class='ocrx_word' id='word_1_20' title='bbox 856 827 912 868; x_wconf 86' lang='lat' dir='ltr'><strong>orte</strong></span> <span class='ocrx_word' id='word_1_21' title='bbox 919 821 1072 884; x_wconf 58' lang='lat' dir='ltr'><strong>prffusrint.</strong></span> <span class='ocrx_word' id='word_1_22' title='bbox 1083 821 1155 869; x_wconf 80' lang='lat' dir='ltr'><strong>Miro</strong></span> <span class='ocrx_word' id='word_1_23' title='bbox 1165 837 1208 870; x_wconf 86' lang='lat' dir='ltr'><strong>au-</strong></span> 
     </span>
     <span class='ocr_line' id='line_1_4' title="bbox 183 905 1210 972; baseline 0.001 -19"><span class='ocrx_word' id='word_1_24' title='bbox 183 907 271 963; x_wconf 86' lang='lat' dir='ltr'><strong>ratius;</strong></span> <span class='ocrx_word' id='word_1_25' title='bbox 294 922 437 972; x_wconf 89' lang='lat' dir='ltr'><strong>consequens</strong></span> <span class='ocrx_word' id='word_1_26' title='bbox 455 914 519 966; x_wconf 88' lang='lat' dir='ltr'><strong>erat,</strong></span> <span class='ocrx_word' id='word_1_27' title='bbox 541 914 569 952; x_wconf 91' lang='lat' dir='ltr'><strong>ut</strong></span> <span class='ocrx_word' id='word_1_28' title='bbox 588 921 635 952; x_wconf 91' lang='lat' dir='ltr'><strong>non</strong></span> <span class='ocrx_word' id='word_1_29' title='bbox 653 906 678 952; x_wconf 92' lang='lat' dir='ltr'><strong>iu</strong></span> <span class='ocrx_word' id='word_1_30' title='bbox 710 913 758 952; x_wconf 90' lang='lat' dir='ltr'><strong>tem</strong></span> <span class='ocrx_word' id='word_1_31' title='bbox 767 913 883 968; x_wconf 75' lang='lat' dir='ltr'><strong>posinata</strong></span> <span class='ocrx_word' id='word_1_32' title='bbox 892 922 939 955; x_wconf 91' lang='lat' dir='ltr'><strong>non</strong></span> <span class='ocrx_word' id='word_1_33' title='bbox 947 905 1008 955; x_wconf 88' lang='lat' dir='ltr'><strong>bene</strong></span> <span class='ocrx_word' id='word_1_34' title='bbox 1018 907 1137 972; x_wconf 80' lang='lat' dir='ltr'><strong>intelligo.</strong></span> <span class='ocrx_word' id='word_1_35' title='bbox 1149 907 1210 954; x_wconf 83' lang='lat' dir='ltr'><strong>Nam</strong></span> 
     </span>
     <span class='ocr_line' id='line_1_5' title="bbox 185 988 1209 1055; baseline 0 -17"><span class='ocrx_word' id='word_1_36' title='bbox 185 989 283 1040; x_wconf 86' lang='lat' dir='ltr'><strong>diversis</strong></span> <span class='ocrx_word' id='word_1_37' title='bbox 291 989 395 1053; x_wconf 84' lang='lat' dir='ltr'><strong>artibus,</strong></span> <span class='ocrx_word' id='word_1_38' title='bbox 404 989 445 1039; x_wconf 91' lang='lat' dir='ltr'><strong>sed</strong></span> <span class='ocrx_word' id='word_1_39' title='bbox 453 992 478 1038; x_wconf 91' lang='lat' dir='ltr'><strong>in</strong></span> <span class='ocrx_word' id='word_1_40' title='bbox 487 1006 535 1038; x_wconf 86' lang='lat' dir='ltr'><strong>una</strong></span> <span class='ocrx_word' id='word_1_41' title='bbox 548 988 676 1054; x_wconf 87' lang='lat' dir='ltr'><strong>eademque</strong></span> <span class='ocrx_word' id='word_1_42' title='bbox 708 988 753 1038; x_wconf 86' lang='lat' dir='ltr'><strong>boc</strong></span> <span class='ocrx_word' id='word_1_43' title='bbox 768 1006 850 1038; x_wconf 84' lang='lat' dir='ltr'><strong>revera</strong></span> <span class='ocrx_word' id='word_1_44' title='bbox 865 989 951 1039; x_wconf 82' lang='lat' dir='ltr'><strong>dixisse</strong></span> <span class='ocrx_word' id='word_1_45' title='bbox 966 993 1024 1040; x_wconf 86' lang='lat' dir='ltr'><strong>satis</strong></span> <span class='ocrx_word' id='word_1_46' title='bbox 1036 1001 1085 1055; x_wconf 90' lang='lat' dir='ltr'><strong>est,</strong></span> <span class='ocrx_word' id='word_1_47' title='bbox 1102 993 1123 1040; x_wconf 93' lang='lat' dir='ltr'><strong>si</strong></span> <span class='ocrx_word' id='word_1_48' title='bbox 1135 993 1209 1039; x_wconf 88' lang='lat' dir='ltr'><strong>etiam</strong></span> 
     </span>
     <span class='ocr_line' id='line_1_6' title="bbox 186 1074 1210 1141; baseline 0 -17"><span class='ocrx_word' id='word_1_49' title='bbox 186 1078 328 1141; x_wconf 88' lang='lat' dir='ltr'><strong>comparatio</strong></span> <span class='ocrx_word' id='word_1_50' title='bbox 351 1078 534 1138; x_wconf 76' lang='lat' dir='ltr'><strong>institueretur,</strong></span> <span class='ocrx_word' id='word_1_51' title='bbox 561 1074 606 1122; x_wconf 85' lang='lat' dir='ltr'><strong>boe</strong></span> <span class='ocrx_word' id='word_1_52' title='bbox 630 1090 679 1122; x_wconf 86' lang='lat' dir='ltr'><strong>mo·</strong></span> <span class='ocrx_word' id='word_1_53' title='bbox 710 1084 851 1139; x_wconf 73' lang='lat' dir='ltr'><strong>praestatur.</strong></span> <span class='ocrx_word' id='word_1_54' title='bbox 868 1075 1013 1125; x_wconf 79' lang='lat' dir='ltr'><strong>Contrarium</strong></span> <span class='ocrx_word' id='word_1_55' title='bbox 1035 1078 1145 1126; x_wconf 82' lang='lat' dir='ltr'><strong>Horatius</strong></span> <span class='ocrx_word' id='word_1_56' title='bbox 1160 1093 1210 1125; x_wconf 90' lang='lat' dir='ltr'><strong>uon</strong></span> 
     </span>
     <span class='ocr_line' id='line_1_7' title="bbox 184 1159 1210 1228; baseline 0.002 -19"><span class='ocrx_word' id='word_1_57' title='bbox 184 1160 227 1209; x_wconf 93' lang='lat' dir='ltr'><strong>do:</strong></span> <span class='ocrx_word' id='word_1_58' title='bbox 246 1161 328 1211; x_wconf 77' lang='lat' dir='ltr'><strong>»Olim</strong></span> <span class='ocrx_word' id='word_1_59' title='bbox 341 1159 436 1226; x_wconf 88' lang='lat' dir='ltr'><strong>quidem</strong></span> <span class='ocrx_word' id='word_1_60' title='bbox 450 1159 556 1208; x_wconf 91' lang='lat' dir='ltr'><strong>homines</strong></span> <span class='ocrx_word' id='word_1_61' title='bbox 565 1175 613 1207; x_wconf 90' lang='lat' dir='ltr'><strong>non</strong></span> <span class='ocrx_word' id='word_1_62' title='bbox 630 1159 681 1207; x_wconf 90' lang='lat' dir='ltr'><strong>sine</strong></span> <span class='ocrx_word' id='word_1_63' title='bbox 714 1159 779 1209; x_wconf 89' lang='lat' dir='ltr'><strong>dicit.</strong></span> <span class='ocrx_word' id='word_1_64' title='bbox 802 1161 872 1209; x_wconf 86' lang='lat' dir='ltr'><strong>Omne</strong></span> <span class='ocrx_word' id='word_1_65' title='bbox 889 1173 1042 1228; x_wconf 88' lang='lat' dir='ltr'><strong>praeceptum</strong></span> <span class='ocrx_word' id='word_1_66' title='bbox 1059 1173 1168 1211; x_wconf 85' lang='lat' dir='ltr'><strong>versatur</strong></span> <span class='ocrx_word' id='word_1_67' title='bbox 1182 1164 1210 1210; x_wconf 88' lang='lat' dir='ltr'><strong>in</strong></span> 
     </span>
     <span class='ocr_line' id='line_1_8' title="bbox 184 1244 1210 1313; baseline 0.002 -19"><span class='ocrx_word' id='word_1_68' title='bbox 184 1264 268 1313; x_wconf 84' lang='lat' dir='ltr'><strong>magno</strong></span> <span class='ocrx_word' id='word_1_69' title='bbox 275 1257 404 1313; x_wconf 86' lang='lat' dir='ltr'><strong>apparatu,</strong></span> <span class='ocrx_word' id='word_1_70' title='bbox 415 1247 465 1294; x_wconf 89' lang='lat' dir='ltr'><strong>sine</strong></span> <span class='ocrx_word' id='word_1_71' title='bbox 474 1245 550 1293; x_wconf 89' lang='lat' dir='ltr'><strong>multo</strong></span> <span class='ocrx_word' id='word_1_72' title='bbox 559 1244 678 1293; x_wconf 84' lang='lat' dir='ltr'><strong>doctrinae</strong></span> <span class='ocrx_word' id='word_1_73' title='bbox 711 1245 827 1295; x_wconf 84' lang='lat' dir='ltr'><strong>laudanda</strong></span> <span class='ocrx_word' id='word_1_74' title='bbox 844 1249 1025 1296; x_wconf 81' lang='lat' dir='ltr'><strong>exercitatione:</strong></span> <span class='ocrx_word' id='word_1_75' title='bbox 1040 1265 1119 1296; x_wconf 88' lang='lat' dir='ltr'><strong>cursor</strong></span> <span class='ocrx_word' id='word_1_76' title='bbox 1136 1258 1161 1296; x_wconf 92' lang='lat' dir='ltr'><strong>et</strong></span> <span class='ocrx_word' id='word_1_77' title='bbox 1177 1250 1210 1295; x_wconf 92' lang='lat' dir='ltr'><strong>ti·</strong></span> 
     </span>
     <span class='ocr_line' id='line_1_9' title="bbox 181 1329 1210 1403; baseline 0 -23"><span class='ocrx_word' id='word_1_78' title='bbox 181 1335 337 1380; x_wconf 89' lang='lat' dir='ltr'><strong>instrumento</strong></span> <span class='ocrx_word' id='word_1_79' title='bbox 354 1341 379 1380; x_wconf 92' lang='lat' dir='ltr'><strong>et</strong></span> <span class='ocrx_word' id='word_1_80' title='bbox 390 1330 539 1396; x_wconf 81' lang='lat' dir='ltr'><strong>supellectile</strong></span> <span class='ocrx_word' id='word_1_81' title='bbox 552 1331 679 1379; x_wconf 82' lang='lat' dir='ltr'><strong>Poetioum</strong></span> <span class='ocrx_word' id='word_1_82' title='bbox 709 1329 779 1379; x_wconf 83' lang='lat' dir='ltr'><strong>bicen</strong></span> <span class='ocrx_word' id='word_1_83' title='bbox 796 1333 861 1396; x_wconf 91' lang='lat' dir='ltr'><strong>prius</strong></span> <span class='ocrx_word' id='word_1_84' title='bbox 877 1331 978 1382; x_wconf 90' lang='lat' dir='ltr'><strong>diseunt.</strong></span> <span class='ocrx_word' id='word_1_85' title='bbox 995 1334 1033 1382; x_wconf 86' lang='lat' dir='ltr'><strong>Sic</strong></span> <span class='ocrx_word' id='word_1_86' title='bbox 1047 1335 1129 1403; x_wconf 36' lang='lat' dir='ltr'><strong>facere.</strong></span> <span class='ocrx_word' id='word_1_87' title='bbox 1139 1350 1210 1399; x_wconf 87' lang='lat' dir='ltr'><strong>opor·</strong></span> 
     </span>
     <span class='ocr_line' id='line_1_10' title="bbox 182 1416 1210 1485; baseline 0.004 -21"><span class='ocrx_word' id='word_1_88' title='bbox 182 1419 301 1482; x_wconf 83' lang='lat' dir='ltr'><strong>attingere</strong></span> <span class='ocrx_word' id='word_1_89' title='bbox 322 1418 374 1465; x_wconf 87' lang='lat' dir='ltr'><strong>ausi</strong></span> <span class='ocrx_word' id='word_1_90' title='bbox 388 1425 457 1473; x_wconf 73' lang='lat' dir='ltr'><strong>suut:</strong></span> <span class='ocrx_word' id='word_1_91' title='bbox 478 1416 551 1464; x_wconf 81' lang='lat' dir='ltr'><strong>Nune</strong></span> <span class='ocrx_word' id='word_1_92' title='bbox 568 1416 626 1464; x_wconf 89' lang='lat' dir='ltr'><strong>satis</strong></span> <span class='ocrx_word' id='word_1_93' title='bbox 643 1425 678 1464; x_wconf 87' lang='lat' dir='ltr'><strong>est</strong></span> <span class='ocrx_word' id='word_1_94' title='bbox 710 1426 747 1464; x_wconf 91' lang='lat' dir='ltr'><strong>tet</strong></span> <span class='ocrx_word' id='word_1_95' title='bbox 762 1425 869 1480; x_wconf 84' lang='lat' dir='ltr'><strong>poetam,</strong></span> <span class='ocrx_word' id='word_1_96' title='bbox 886 1419 953 1482; x_wconf 90' lang='lat' dir='ltr'><strong>prius</strong></span> <span class='ocrx_word' id='word_1_97' title='bbox 968 1435 1039 1485; x_wconf 90' lang='lat' dir='ltr'><strong>quam</strong></span> <span class='ocrx_word' id='word_1_98' title='bbox 1054 1435 1135 1468; x_wconf 86' lang='lat' dir='ltr'><strong>versus</strong></span> <span class='ocrx_word' id='word_1_99' title='bbox 1151 1419 1210 1468; x_wconf 86' lang='lat' dir='ltr'><strong>scri·</strong></span> 
     </span>
     <span class='ocr_line' id='line_1_11' title="bbox 181 1499 1209 1569; baseline 0.003 -19"><span class='ocrx_word' id='word_1_100' title='bbox 181 1501 284 1564; x_wconf 76' lang='lat' dir='ltr'><strong>dixisse,</strong></span> <span class='ocrx_word' id='word_1_101' title='bbox 301 1503 356 1566; x_wconf 74' lang='lat' dir='ltr'><strong>Ego</strong></span> <span class='ocrx_word' id='word_1_102' title='bbox 364 1509 440 1566; x_wconf 80' lang='lat' dir='ltr'><strong>poeto</strong></span> <span class='ocrx_word' id='word_1_103' title='bbox 453 1517 520 1564; x_wconf 83' lang='lat' dir='ltr'><strong>sum,</strong></span> <span class='ocrx_word' id='word_1_104' title='bbox 538 1510 563 1548; x_wconf 92' lang='lat' dir='ltr'><strong>et</strong></span> <span class='ocrx_word' id='word_1_105' title='bbox 578 1503 612 1549; x_wconf 88' lang='lat' dir='ltr'><strong>sic</strong></span> <span class='ocrx_word' id='word_1_106' title='bbox 624 1501 680 1549; x_wconf 88' lang='lat' dir='ltr'><strong>illo·</strong></span> <span class='ocrx_word' id='word_1_107' title='bbox 710 1499 766 1549; x_wconf 85' lang='lat' dir='ltr'><strong>bat:</strong></span> <span class='ocrx_word' id='word_1_108' title='bbox 788 1502 814 1550; x_wconf 91' lang='lat' dir='ltr'><strong>in</strong></span> <span class='ocrx_word' id='word_1_109' title='bbox 829 1504 940 1569; x_wconf 25' lang='lat' dir='ltr'><strong>&#39;pueritia</strong></span> <span class='ocrx_word' id='word_1_110' title='bbox 963 1514 988 1552; x_wconf 89' lang='lat' dir='ltr'><strong>et</strong></span> <span class='ocrx_word' id='word_1_111' title='bbox 1008 1504 1167 1553; x_wconf 86' lang='lat' dir='ltr'><strong>adolescentia</strong></span> <span class='ocrx_word' id='word_1_112' title='bbox 1182 1521 1209 1552; x_wconf 87' lang='lat' dir='ltr'><strong>se</strong></span> 
     </span>
     <span class='ocr_line' id='line_1_12' title="bbox 182 1586 1210 1652; baseline 0.003 -16"><span class='ocrx_word' id='word_1_113' title='bbox 182 1589 214 1636; x_wconf 90' lang='lat' dir='ltr'><strong>tis</strong></span> <span class='ocrx_word' id='word_1_114' title='bbox 233 1586 335 1652; x_wconf 83' lang='lat' dir='ltr'><strong>pedibus</strong></span> <span class='ocrx_word' id='word_1_115' title='bbox 353 1586 384 1636; x_wconf 90' lang='lat' dir='ltr'><strong>ad</strong></span> <span class='ocrx_word' id='word_1_116' title='bbox 401 1588 518 1635; x_wconf 80' lang='lat' dir='ltr'><strong>Musarum</strong></span> <span class='ocrx_word' id='word_1_117' title='bbox 534 1587 597 1634; x_wconf 81' lang='lat' dir='ltr'><strong>iores</strong></span> <span class='ocrx_word' id='word_1_118' title='bbox 612 1603 677 1634; x_wconf 87' lang='lat' dir='ltr'><strong>aece-</strong></span> <span class='ocrx_word' id='word_1_119' title='bbox 709 1602 848 1652; x_wconf 88' lang='lat' dir='ltr'><strong>praeparare</strong></span> <span class='ocrx_word' id='word_1_120' title='bbox 880 1587 960 1639; x_wconf 91' lang='lat' dir='ltr'><strong>debet.</strong></span> <span class='ocrx_word' id='word_1_121' title='bbox 991 1590 1018 1638; x_wconf 93' lang='lat' dir='ltr'><strong>ln</strong></span> <span class='ocrx_word' id='word_1_122' title='bbox 1042 1591 1210 1639; x_wconf 84' lang='lat' dir='ltr'><strong>consecutione</strong></span> 
     </span>
     <span class='ocr_line' id='line_1_13' title="bbox 183 1670 1211 1740; baseline 0.002 -18"><span class='ocrx_word' id='word_1_123' title='bbox 183 1672 272 1723; x_wconf 91' lang='lat' dir='ltr'><strong>dere.&#39;’</strong></span> <span class='ocrx_word' id='word_1_124' title='bbox 300 1672 362 1737; x_wconf 75' lang='lat' dir='ltr'><strong>Quid</strong></span> <span class='ocrx_word' id='word_1_125' title='bbox 376 1689 432 1738; x_wconf 80' lang='lat' dir='ltr'><strong>ergo</strong></span> <span class='ocrx_word' id='word_1_126' title='bbox 447 1673 508 1722; x_wconf 78' lang='lat' dir='ltr'><strong>liet?</strong></span> <span class='ocrx_word' id='word_1_127' title='bbox 531 1672 586 1720; x_wconf 88' lang='lat' dir='ltr'><strong>Sine</strong></span> <span class='ocrx_word' id='word_1_128' title='bbox 604 1670 678 1719; x_wconf 91' lang='lat' dir='ltr'><strong>dubio</strong></span> <span class='ocrx_word' id='word_1_129' title='bbox 709 1670 921 1722; x_wconf 87' lang='lat' dir='ltr'><strong>huiussententiae</strong></span> <span class='ocrx_word' id='word_1_130' title='bbox 934 1677 1076 1740; x_wconf 86' lang='lat' dir='ltr'><strong>requiritur:</strong></span> <span class='ocrx_word' id='word_1_131' title='bbox 1090 1692 1137 1724; x_wconf 89' lang='lat' dir='ltr'><strong>nou</strong></span> <span class='ocrx_word' id='word_1_132' title='bbox 1150 1677 1211 1724; x_wconf 85' lang='lat' dir='ltr'><strong>satis</strong></span> 
     </span>
     <span class='ocr_line' id='line_1_14' title="bbox 180 1756 1209 1826; baseline 0.004 -20"><span class='ocrx_word' id='word_1_133' title='bbox 180 1756 316 1806; x_wconf 89' lang='lat' dir='ltr'><strong>mendosum</strong></span> <span class='ocrx_word' id='word_1_134' title='bbox 338 1760 385 1808; x_wconf 90' lang='lat' dir='ltr'><strong>erit</strong></span> <span class='ocrx_word' id='word_1_135' title='bbox 405 1756 468 1807; x_wconf 89' lang='lat' dir='ltr'><strong>illud</strong></span> <span class='ocrx_word' id='word_1_136' title='bbox 482 1774 561 1817; x_wconf 73' lang='lat' dir='ltr'><strong>sitisse,¹</strong></span> <span class='ocrx_word' id='word_1_137' title='bbox 580 1766 605 1805; x_wconf 91' lang='lat' dir='ltr'><strong>et</strong></span> <span class='ocrx_word' id='word_1_138' title='bbox 621 1774 676 1805; x_wconf 86' lang='lat' dir='ltr'><strong>sane</strong></span> <span class='ocrx_word' id='word_1_139' title='bbox 709 1767 745 1805; x_wconf 90' lang='lat' dir='ltr'><strong>est</strong></span> <span class='ocrx_word' id='word_1_140' title='bbox 761 1756 846 1806; x_wconf 82' lang='lat' dir='ltr'><strong>dixisse</strong></span> <span class='ocrx_word' id='word_1_141' title='bbox 870 1760 940 1824; x_wconf 77' lang='lat' dir='ltr'><strong>»Ego</strong></span> <span class='ocrx_word' id='word_1_142' title='bbox 961 1762 1009 1808; x_wconf 87' lang='lat' dir='ltr'><strong>iam</strong></span> <span class='ocrx_word' id='word_1_143' title='bbox 1029 1777 1110 1823; x_wconf 87' lang='lat' dir='ltr'><strong>nuno,</strong></span> <span class='ocrx_word' id='word_1_144' title='bbox 1132 1776 1209 1826; x_wconf 86' lang='lat' dir='ltr'><strong>puer,</strong></span> 
     </span>
     <span class='ocr_line' id='line_1_15' title="bbox 179 1840 1209 1911; baseline 0.003 -19"><span class='ocrx_word' id='word_1_145' title='bbox 179 1842 257 1892; x_wconf 86' lang='lat' dir='ltr'><strong>Codex</strong></span> <span class='ocrx_word' id='word_1_146' title='bbox 272 1841 406 1908; x_wconf 81' lang='lat' dir='ltr'><strong>Digbeanus</strong></span> <span class='ocrx_word' id='word_1_147' title='bbox 420 1843 504 1891; x_wconf 82' lang='lat' dir='ltr'><strong>Cxonii</strong></span> <span class='ocrx_word' id='word_1_148' title='bbox 519 1858 581 1902; x_wconf 82' lang='lat' dir='ltr'><strong>oon‚·</strong></span> <span class='ocrx_word' id='word_1_149' title='bbox 598 1851 624 1890; x_wconf 91' lang='lat' dir='ltr'><strong>at</strong></span> <span class='ocrx_word' id='word_1_150' title='bbox 639 1842 678 1888; x_wconf 79' lang='lat' dir='ltr'><strong>li·</strong></span> <span class='ocrx_word' id='word_1_151' title='bbox 709 1840 857 1905; x_wconf 87' lang='lat' dir='ltr'><strong>adolescens,</strong></span> <span class='ocrx_word' id='word_1_152' title='bbox 871 1847 973 1894; x_wconf 85' lang='lat' dir='ltr'><strong>carmina</strong></span> <span class='ocrx_word' id='word_1_153' title='bbox 985 1862 1070 1911; x_wconf 83' lang='lat' dir='ltr'><strong>pango.</strong></span> <span class='ocrx_word' id='word_1_154' title='bbox 1084 1848 1164 1894; x_wconf 77' lang='lat' dir='ltr'><strong>Metuo</strong></span> <span class='ocrx_word' id='word_1_155' title='bbox 1176 1863 1209 1895; x_wconf 88' lang='lat' dir='ltr'><strong>ne</strong></span> 
     </span>
     <span class='ocr_line' id='line_1_16' title="bbox 178 1924 1211 1995; baseline 0.004 -19"><span class='ocrx_word' id='word_1_156' title='bbox 178 1930 309 1993; x_wconf 81' lang='lat' dir='ltr'><strong>gornieusis</strong></span> <span class='ocrx_word' id='word_1_157' title='bbox 321 1938 414 1990; x_wconf 87' lang='lat' dir='ltr'><strong>noster,</strong></span> <span class='ocrx_word' id='word_1_158' title='bbox 426 1927 535 1993; x_wconf 80' lang='lat' dir='ltr'><strong>alterque</strong></span> <span class='ocrx_word' id='word_1_159' title='bbox 548 1944 577 1975; x_wconf 85' lang='lat' dir='ltr'><strong>ex</strong></span> <span class='ocrx_word' id='word_1_160' title='bbox 589 1924 677 1974; x_wconf 88' lang='lat' dir='ltr'><strong>biblio-</strong></span> <span class='ocrx_word' id='word_1_161' title='bbox 709 1943 774 1974; x_wconf 82' lang='lat' dir='ltr'><strong>serus</strong></span> <span class='ocrx_word' id='word_1_162' title='bbox 791 1930 892 1977; x_wconf 91' lang='lat' dir='ltr'><strong>veniam.</strong></span> <span class='ocrx_word' id='word_1_163' title='bbox 911 1930 988 1995; x_wconf 84' lang='lat' dir='ltr'><strong>Turpe</strong></span> <span class='ocrx_word' id='word_1_164' title='bbox 1004 1929 1065 1979; x_wconf 85' lang='lat' dir='ltr'><strong>milri</strong></span> <span class='ocrx_word' id='word_1_165' title='bbox 1083 1942 1119 1979; x_wconf 83' lang='lat' dir='ltr'><strong>est</strong></span> <span class='ocrx_word' id='word_1_166' title='bbox 1134 1931 1211 1980; x_wconf 86' lang='lat' dir='ltr'><strong>reliu-</strong></span> 
     </span>
     <span class='ocr_line' id='line_1_17' title="bbox 178 2010 1210 2081; baseline 0.006 -22"><span class='ocrx_word' id='word_1_167' title='bbox 178 2012 248 2060; x_wconf 87' lang='lat' dir='ltr'><strong>theea</strong></span> <span class='ocrx_word' id='word_1_168' title='bbox 264 2013 372 2077; x_wconf 84' lang='lat' dir='ltr'><strong>Episcopi</strong></span> <span class='ocrx_word' id='word_1_169' title='bbox 387 2011 486 2060; x_wconf 84' lang='lat' dir='ltr'><strong>Elicnsis</strong></span> <span class='ocrx_word' id='word_1_170' title='bbox 501 2027 544 2058; x_wconf 80' lang='lat' dir='ltr'><strong>nec</strong></span> <span class='ocrx_word' id='word_1_171' title='bbox 559 2010 621 2059; x_wconf 86' lang='lat' dir='ltr'><strong>clare</strong></span> <span class='ocrx_word' id='word_1_172' title='bbox 636 2027 677 2057; x_wconf 89' lang='lat' dir='ltr'><strong>ex·</strong></span> <span class='ocrx_word' id='word_1_173' title='bbox 709 2013 759 2076; x_wconf 89' lang='lat' dir='ltr'><strong>qui.</strong></span> <span class='ocrx_word' id='word_1_174' title='bbox 781 2011 840 2060; x_wconf 79' lang='lat' dir='ltr'><strong>Mihi</strong></span> <span class='ocrx_word' id='word_1_175' title='bbox 858 2030 905 2061; x_wconf 93' lang='lat' dir='ltr'><strong>non</strong></span> <span class='ocrx_word' id='word_1_176' title='bbox 922 2031 981 2080; x_wconf 92' lang='lat' dir='ltr'><strong>opus</strong></span> <span class='ocrx_word' id='word_1_177' title='bbox 998 2015 1091 2064; x_wconf 83' lang='lat' dir='ltr'><strong>catilla</strong></span> <span class='ocrx_word' id='word_1_178' title='bbox 1107 2033 1210 2081; x_wconf 79' lang='lat' dir='ltr'><strong>praepa-</strong></span> 
     </span>
     <span class='ocr_line' id='line_1_18' title="bbox 176 2094 1212 2165; baseline 0.006 -21"><span class='ocrx_word' id='word_1_179' title='bbox 176 2096 272 2146; x_wconf 81' lang='lat' dir='ltr'><strong>}ribent.</strong></span> <span class='ocrx_word' id='word_1_180' title='bbox 297 2097 437 2144; x_wconf 83' lang='lat' dir='ltr'><strong>Nuncvero</strong></span> <span class='ocrx_word' id='word_1_181' title='bbox 453 2112 500 2144; x_wconf 89' lang='lat' dir='ltr'><strong>non</strong></span> <span class='ocrx_word' id='word_1_182' title='bbox 515 2110 559 2143; x_wconf 82' lang='lat' dir='ltr'><strong>neo</strong></span> <span class='ocrx_word' id='word_1_183' title='bbox 573 2094 677 2161; x_wconf 84' lang='lat' dir='ltr'><strong>proclive</strong></span> <span class='ocrx_word' id='word_1_184' title='bbox 709 2097 829 2145; x_wconf 89' lang='lat' dir='ltr'><strong>ratione.’‘</strong></span> <span class='ocrx_word' id='word_1_185' title='bbox 845 2099 889 2162; x_wconf 75' lang='lat' dir='ltr'><strong>Qui</strong></span> <span class='ocrx_word' id='word_1_186' title='bbox 905 2098 964 2148; x_wconf 88' lang='lat' dir='ltr'><strong>dicit</strong></span> <span class='ocrx_word' id='word_1_187' title='bbox 978 2118 1003 2149; x_wconf 87' lang='lat' dir='ltr'><strong>se</strong></span> <span class='ocrx_word' id='word_1_188' title='bbox 1017 2102 1083 2149; x_wconf 80' lang='lat' dir='ltr'><strong>mira</strong></span> <span class='ocrx_word' id='word_1_189' title='bbox 1091 2109 1212 2165; x_wconf 74' lang='lat' dir='ltr'><strong>poenosa</strong></span> 
     </span>
     <span class='ocr_line' id='line_1_19' title="bbox 177 2180 1211 2251; baseline 0.005 -21"><span class='ocrx_word' id='word_1_190' title='bbox 177 2193 243 2246; x_wconf 88' lang='lat' dir='ltr'><strong>erat,</strong></span> <span class='ocrx_word' id='word_1_191' title='bbox 261 2192 289 2231; x_wconf 92' lang='lat' dir='ltr'><strong>ut</strong></span> <span class='ocrx_word' id='word_1_192' title='bbox 304 2181 407 2231; x_wconf 89' lang='lat' dir='ltr'><strong>Librarii</strong></span> <span class='ocrx_word' id='word_1_193' title='bbox 422 2180 608 2236; x_wconf 76' lang='lat' dir='ltr'><strong>substituerent:</strong></span> <span class='ocrx_word' id='word_1_194' title='bbox 625 2196 678 2228; x_wconf 90' lang='lat' dir='ltr'><strong>cum</strong></span> <span class='ocrx_word' id='word_1_195' title='bbox 706 2196 834 2246; x_wconf 50' lang='lat' dir='ltr'><strong>powers,</strong></span> <span class='ocrx_word' id='word_1_196' title='bbox 860 2194 896 2232; x_wconf 90' lang='lat' dir='ltr'><strong>est</strong></span> <span class='ocrx_word' id='word_1_197' title='bbox 917 2185 1040 2251; x_wconf 88' lang='lat' dir='ltr'><strong>superbus.</strong></span> <span class='ocrx_word' id='word_1_198' title='bbox 1062 2185 1107 2234; x_wconf 88' lang='lat' dir='ltr'><strong>Sed</strong></span> <span class='ocrx_word' id='word_1_199' title='bbox 1126 2196 1211 2251; x_wconf 86' lang='lat' dir='ltr'><strong>potest</strong></span> 
     </span>
     <span class='ocr_line' id='line_1_20' title="bbox 177 2250 1210 2338; baseline 0.006 -22"><span class='ocrx_word' id='word_1_200' title='bbox 177 2268 300 2317; x_wconf 89' lang='lat' dir='ltr'><strong>minimum</strong></span> <span class='ocrx_word' id='word_1_201' title='bbox 322 2268 449 2333; x_wconf 84' lang='lat' dir='ltr'><strong>scriptione</strong></span> <span class='ocrx_word' id='word_1_202' title='bbox 471 2250 584 2314; x_wconf 84' lang='lat' dir='ltr'><strong>differant</strong></span> <span class='ocrx_word' id='word_1_203' title='bbox 605 2264 635 2313; x_wconf 60' lang='lat' dir='ltr'><em>W</em></span> <span class='ocrx_word' id='word_1_204' title='bbox 652 2274 677 2313; x_wconf 86' lang='lat' dir='ltr'><strong>et</strong></span> <span class='ocrx_word' id='word_1_205' title='bbox 710 2283 759 2315; x_wconf 90' lang='lat' dir='ltr'><strong>esse</strong></span> <span class='ocrx_word' id='word_1_206' title='bbox 783 2268 895 2332; x_wconf 86' lang='lat' dir='ltr'><strong>superbia</strong></span> <span class='ocrx_word' id='word_1_207' title='bbox 919 2273 1012 2321; x_wconf 88' lang='lat' dir='ltr'><strong>meritis</strong></span> <span class='ocrx_word' id='word_1_208' title='bbox 1034 2274 1149 2338; x_wconf 82' lang='lat' dir='ltr'><strong>quaesita·</strong></span> <span class='ocrx_word' id='word_1_209' title='bbox 1178 2275 1210 2323; x_wconf 82' lang='lat' dir='ltr'><strong>Et</strong></span> 
     </span>
     <span class='ocr_line' id='line_1_21' title="bbox 175 2351 1208 2425; baseline 0.006 -23"><span class='ocrx_word' id='word_1_210' title='bbox 175 2369 227 2403; x_wconf 76' lang='lat' dir='ltr'><strong>uec.</strong></span> <span class='ocrx_word' id='word_1_211' title='bbox 244 2354 375 2402; x_wconf 80' lang='lat' dir='ltr'><strong>Certissima</strong></span> <span class='ocrx_word' id='word_1_212' title='bbox 387 2354 463 2417; x_wconf 85' lang='lat' dir='ltr'><strong>igitur</strong></span> <span class='ocrx_word' id='word_1_213' title='bbox 479 2351 612 2400; x_wconf 88' lang='lat' dir='ltr'><strong>emendatio</strong></span> <span class='ocrx_word' id='word_1_214' title='bbox 626 2361 674 2399; x_wconf 85' lang='lat' dir='ltr'><strong>est:</strong></span> <span class='ocrx_word' id='word_1_215' title='bbox 707 2353 817 2401; x_wconf 82' lang='lat' dir='ltr'><strong>Horatius</strong></span> <span class='ocrx_word' id='word_1_216' title='bbox 833 2371 879 2402; x_wconf 92' lang='lat' dir='ltr'><strong>non</strong></span> <span class='ocrx_word' id='word_1_217' title='bbox 891 2356 1046 2421; x_wconf 87' lang='lat' dir='ltr'><strong>reprehendit</strong></span> <span class='ocrx_word' id='word_1_218' title='bbox 1057 2357 1208 2425; x_wconf 86' lang='lat' dir='ltr'><strong>superbiam,</strong></span> 
     </span>
     <span class='ocr_line' id='line_1_22' title="bbox 176 2436 1209 2507; baseline 0.009 -22"><span class='ocrx_word' id='word_1_219' title='bbox 176 2441 222 2502; x_wconf 83' lang='lat' dir='ltr'><strong>qui</strong></span> <span class='ocrx_word' id='word_1_220' title='bbox 238 2439 332 2501; x_wconf 77' lang='lat' dir='ltr'><strong>Pythio</strong></span> <span class='ocrx_word' id='word_1_221' title='bbox 346 2444 432 2485; x_wconf 79' lang='lat' dir='ltr'><strong>contat</strong></span> <span class='ocrx_word' id='word_1_222' title='bbox 449 2437 564 2498; x_wconf 77' lang='lat' dir='ltr'><strong>Tibicen,</strong></span> <span class='ocrx_word' id='word_1_223' title='bbox 583 2437 678 2485; x_wconf 80' lang='lat' dir='ltr'><strong>didicit</strong></span> <span class='ocrx_word' id='word_1_224' title='bbox 708 2436 750 2485; x_wconf 88' lang='lat' dir='ltr'><strong>sed</strong></span> <span class='ocrx_word' id='word_1_225' title='bbox 763 2437 965 2497; x_wconf 75' lang='lat' dir='ltr'><strong>stastinotiooem.</strong></span> <span class='ocrx_word' id='word_1_226' title='bbox 991 2443 1063 2507; x_wconf 83' lang='lat' dir='ltr'><strong>Finge</strong></span> <span class='ocrx_word' id='word_1_227' title='bbox 1085 2445 1209 2495; x_wconf 84' lang='lat' dir='ltr'><strong>Horatium</strong></span> 
     </span>
     <span class='ocr_line' id='line_1_23' title="bbox 173 2521 1210 2587; baseline 0.009 -17"><span class='ocrx_word' id='word_1_228' title='bbox 173 2524 250 2587; x_wconf 80' lang='lat' dir='ltr'><strong>prius</strong></span> <span class='ocrx_word' id='word_1_229' title='bbox 262 2522 428 2584; x_wconf 69' lang='lat' dir='ltr'><strong>extimuitque</strong></span> <span class='ocrx_word' id='word_1_230' title='bbox 444 2522 602 2584; x_wconf 69' lang='lat' dir='ltr'><strong>magistrum.</strong></span> <span class='ocrx_word' id='word_1_231' title='bbox 622 2521 690 2568; x_wconf 85' lang='lat' dir='ltr'><strong>Nee·</strong></span> <span class='ocrx_word' id='word_1_232' title='bbox 706 2522 838 2586; x_wconf 84' lang='lat' dir='ltr'><strong>scripsisse:</strong></span> <span class='ocrx_word' id='word_1_233' title='bbox 852 2524 904 2571; x_wconf 89' lang='lat' dir='ltr'><strong>Nso</strong></span> <span class='ocrx_word' id='word_1_234' title='bbox 917 2525 1013 2574; x_wconf 69' lang='lat' dir='ltr'><strong>elisisse</strong></span> <span class='ocrx_word' id='word_1_235' title='bbox 1029 2536 1070 2576; x_wconf 85' lang='lat' dir='ltr'><strong>sat</strong></span> <span class='ocrx_word' id='word_1_236' title='bbox 1086 2538 1139 2578; x_wconf 86' lang='lat' dir='ltr'><strong>est:</strong></span> <span class='ocrx_word' id='word_1_237' title='bbox 1151 2532 1210 2579; x_wconf 76' lang='lat' dir='ltr'><strong>dlo-</strong></span> 
     </span>
     <span class='ocr_line' id='line_1_24' title="bbox 176 2605 1210 2676; baseline 0.006 -21"><span class='ocrx_word' id='word_1_238' title='bbox 176 2609 244 2656; x_wconf 84' lang='lat' dir='ltr'><strong>satis</strong></span> <span class='ocrx_word' id='word_1_239' title='bbox 258 2615 298 2655; x_wconf 87' lang='lat' dir='ltr'><strong>est</strong></span> <span class='ocrx_word' id='word_1_240' title='bbox 312 2607 423 2668; x_wconf 66' lang='lat' dir='ltr'><strong>dixisse,</strong></span> <span class='ocrx_word' id='word_1_241' title='bbox 437 2605 492 2671; x_wconf 81' lang='lat' dir='ltr'><strong>Ego</strong></span> <span class='ocrx_word' id='word_1_242' title='bbox 503 2607 570 2653; x_wconf 82' lang='lat' dir='ltr'><strong>mira</strong></span> <span class='ocrx_word' id='word_1_243' title='bbox 577 2620 674 2668; x_wconf 82' lang='lat' dir='ltr'><strong>poemo-</strong></span> <span class='ocrx_word' id='word_1_244' title='bbox 707 2613 767 2654; x_wconf 81' lang='lat' dir='ltr'><strong>tura</strong></span> <span class='ocrx_word' id='word_1_245' title='bbox 781 2615 896 2670; x_wconf 72' lang='lat' dir='ltr'><strong>possesio</strong></span> <span class='ocrx_word' id='word_1_246' title='bbox 911 2625 1010 2676; x_wconf 79' lang='lat' dir='ltr'><strong>poog05</strong></span> <span class='ocrx_word' id='word_1_247' title='bbox 1032 2612 1098 2663; x_wconf 84' lang='lat' dir='ltr'><strong>bunc</strong></span> <span class='ocrx_word' id='word_1_248' title='bbox 1113 2631 1210 2664; x_wconf 83' lang='lat' dir='ltr'><strong>versum</strong></span> 
     </span>
     <span class='ocr_line' id='line_1_25' title="bbox 177 2690 1211 2762; baseline 0.01 -21"><span class='ocrx_word' id='word_1_249' title='bbox 177 2701 205 2742; x_wconf 80' lang='lat' dir='ltr'><strong>to</strong></span> <span class='ocrx_word' id='word_1_250' title='bbox 213 2707 306 2757; x_wconf 80' lang='lat' dir='ltr'><strong>pungo.</strong></span> <span class='ocrx_word' id='word_1_251' title='bbox 319 2693 346 2739; x_wconf 92' lang='lat' dir='ltr'><strong>ln</strong></span> <span class='ocrx_word' id='word_1_252' title='bbox 359 2690 439 2754; x_wconf 91' lang='lat' dir='ltr'><strong>nulla,</strong></span> <span class='ocrx_word' id='word_1_253' title='bbox 452 2692 545 2757; x_wconf 87' lang='lat' dir='ltr'><strong>inquit,</strong></span> <span class='ocrx_word' id='word_1_254' title='bbox 559 2692 674 2739; x_wconf 83' lang='lat' dir='ltr'><strong>artesiae</strong></span> <span class='ocrx_word' id='word_1_255' title='bbox 706 2690 897 2741; x_wconf 79' lang='lat' dir='ltr'><strong>Grammaticisic</strong></span> <span class='ocrx_word' id='word_1_256' title='bbox 914 2695 1146 2762; x_wconf 86' lang='lat' dir='ltr'><strong>interpretabantur:</strong></span> <span class='ocrx_word' id='word_1_257' title='bbox 1164 2716 1211 2750; x_wconf 75' lang='lat' dir='ltr'><strong>noc</strong></span> 
     </span>
     <span class='ocr_line' id='line_1_26' title="bbox 175 2777 1210 2850; baseline 0.007 -23"><span class='ocrx_word' id='word_1_258' title='bbox 175 2777 257 2828; x_wconf 80' lang='lat' dir='ltr'><strong>labore</strong></span> <span class='ocrx_word' id='word_1_259' title='bbox 279 2788 304 2827; x_wconf 93' lang='lat' dir='ltr'><strong>et</strong></span> <span class='ocrx_word' id='word_1_260' title='bbox 321 2777 400 2826; x_wconf 90' lang='lat' dir='ltr'><strong>studio</strong></span> <span class='ocrx_word' id='word_1_261' title='bbox 418 2793 503 2825; x_wconf 88' lang='lat' dir='ltr'><strong>nomen</strong></span> <span class='ocrx_word' id='word_1_262' title='bbox 518 2777 672 2833; x_wconf 81' lang='lat' dir='ltr'><strong>nancisceris:</strong></span> <span class='ocrx_word' id='word_1_263' title='bbox 706 2777 773 2824; x_wconf 79' lang='lat' dir='ltr'><strong>sotis</strong></span> <span class='ocrx_word' id='word_1_264' title='bbox 794 2785 833 2825; x_wconf 84' lang='lat' dir='ltr'><strong>est</strong></span> <span class='ocrx_word' id='word_1_265' title='bbox 848 2778 957 2844; x_wconf 64' lang='lat' dir='ltr'><strong>dimisse,</strong></span> <span class='ocrx_word' id='word_1_266' title='bbox 980 2798 1024 2847; x_wconf 78' lang='lat' dir='ltr'><strong>ego</strong></span> <span class='ocrx_word' id='word_1_267' title='bbox 1037 2793 1137 2833; x_wconf 77' lang='lat' dir='ltr'><strong>oratura</strong></span> <span class='ocrx_word' id='word_1_268' title='bbox 1148 2801 1210 2850; x_wconf 83' lang='lat' dir='ltr'><strong>poe·</strong></span> 
     </span>
     <span class='ocr_line' id='line_1_27' title="bbox 177 2860 1209 2931; baseline 0.008 -18"><span class='ocrx_word' id='word_1_269' title='bbox 177 2882 246 2913; x_wconf 88' lang='lat' dir='ltr'><strong>nemo</strong></span> <span class='ocrx_word' id='word_1_270' title='bbox 267 2873 310 2912; x_wconf 85' lang='lat' dir='ltr'><strong>aut</strong></span> <span class='ocrx_word' id='word_1_271' title='bbox 330 2878 400 2912; x_wconf 77' lang='lat' dir='ltr'><strong>eumn</strong></span> <span class='ocrx_word' id='word_1_272' title='bbox 420 2871 463 2910; x_wconf 88' lang='lat' dir='ltr'><strong>aut</strong></span> <span class='ocrx_word' id='word_1_273' title='bbox 481 2871 554 2909; x_wconf 86' lang='lat' dir='ltr'><strong>cantu</strong></span> <span class='ocrx_word' id='word_1_274' title='bbox 571 2860 673 2925; x_wconf 78' lang='lat' dir='ltr'><strong>palmam</strong></span> <span class='ocrx_word' id='word_1_275' title='bbox 704 2869 774 2909; x_wconf 75' lang='lat' dir='ltr'><strong>orato</strong></span> <span class='ocrx_word' id='word_1_276' title='bbox 784 2878 885 2929; x_wconf 76' lang='lat' dir='ltr'><strong>pungo,</strong></span> <span class='ocrx_word' id='word_1_277' title='bbox 899 2866 942 2915; x_wconf 79' lang='lat' dir='ltr'><strong>hoe</strong></span> <span class='ocrx_word' id='word_1_278' title='bbox 957 2875 1008 2931; x_wconf 84' lang='lat' dir='ltr'><strong>est,</strong></span> <span class='ocrx_word' id='word_1_279' title='bbox 1020 2871 1209 2931; x_wconf 71' lang='lat' dir='ltr'><strong>neuturusues&#39;o.</strong></span> 
     </span>
     <span class='ocr_line' id='line_1_28' title="bbox 176 2944 1267 3023; baseline 0.006 -23"><span class='ocrx_word' id='word_1_280' title='bbox 176 2950 225 3000; x_wconf 88' lang='lat' dir='ltr'><strong>sibi</strong></span> <span class='ocrx_word' id='word_1_281' title='bbox 252 2949 367 3016; x_wconf 90' lang='lat' dir='ltr'><strong>spondere</strong></span> <span class='ocrx_word' id='word_1_282' title='bbox 396 2946 469 2997; x_wconf 82' lang='lat' dir='ltr'><strong>audet</strong></span> <span class='ocrx_word' id='word_1_283' title='bbox 492 2949 542 2995; x_wconf 86' lang='lat' dir='ltr'><strong>sine</strong></span> <span class='ocrx_word' id='word_1_284' title='bbox 567 2944 676 3010; x_wconf 81' lang='lat' dir='ltr'><strong>legitima</strong></span> <span class='ocrx_word' id='word_1_285' title='bbox 708 2948 741 2995; x_wconf 80' lang='lat' dir='ltr'><strong>ltx</strong></span> <span class='ocrx_word' id='word_1_286' title='bbox 763 2947 808 2997; x_wconf 88' lang='lat' dir='ltr'><strong>tali</strong></span> <span class='ocrx_word' id='word_1_287' title='bbox 828 2950 1025 3017; x_wconf 84' lang='lat' dir='ltr'><strong>interpretatione</strong></span> <span class='ocrx_word' id='word_1_288' title='bbox 1046 2972 1116 3021; x_wconf 83' lang='lat' dir='ltr'><strong>quam</strong></span> <span class='ocrx_word' id='word_1_289' title='bbox 1135 2974 1210 3022; x_wconf 79' lang='lat' dir='ltr'><strong>saepe</strong></span> <span class='ocrx_word' id='word_1_290' title='bbox 1263 3016 1267 3023; x_wconf 29' lang='lat'><strong>¹</strong></span> 
     </span>
     <span class='ocr_line' id='line_1_29' title="bbox 177 3032 1209 3104; baseline -0.003 -20"><span class='ocrx_word' id='word_1_291' title='bbox 177 3037 359 3084; x_wconf 82' lang='lat' dir='ltr'><strong>exercitatione:</strong></span> <span class='ocrx_word' id='word_1_292' title='bbox 373 3038 421 3082; x_wconf 64' lang='grc' dir='ltr'><strong>ποθ’</strong></span> <span class='ocrx_word' id='word_1_293' title='bbox 432 3035 458 3082; x_wconf 90' lang='lat' dir='ltr'><strong>in</strong></span> <span class='ocrx_word' id='word_1_294' title='bbox 470 3032 536 3096; x_wconf 89' lang='lat' dir='ltr'><strong>poesi</strong></span> <span class='ocrx_word' id='word_1_295' title='bbox 549 3032 622 3079; x_wconf 83' lang='lat' dir='ltr'><strong>Satis</strong></span> <span class='ocrx_word' id='word_1_296' title='bbox 635 3039 674 3079; x_wconf 82' lang='lat' dir='ltr'><strong>est</strong></span> <span class='ocrx_word' id='word_1_297' title='bbox 706 3042 787 3082; x_wconf 85' lang='lat' dir='ltr'><strong>textus</strong></span> <span class='ocrx_word' id='word_1_298' title='bbox 800 3035 876 3083; x_wconf 85' lang='lat' dir='ltr'><strong>fuerit</strong></span> <span class='ocrx_word' id='word_1_299' title='bbox 888 3048 1026 3104; x_wconf 84' lang='lat' dir='ltr'><strong>corruptus,</strong></span> <span class='ocrx_word' id='word_1_300' title='bbox 1040 3041 1079 3090; x_wconf 84' lang='lat' dir='ltr'><strong>rel</strong></span> <span class='ocrx_word' id='word_1_301' title='bbox 1093 3059 1123 3090; x_wconf 86' lang='lat' dir='ltr'><strong>ex</strong></span> <span class='ocrx_word' id='word_1_302' title='bbox 1137 3044 1209 3091; x_wconf 74' lang='lat' dir='ltr'><strong>Acro.</strong></span> 
     </span>
     <span class='ocr_line' id='line_1_30' title="bbox 177 3116 1209 3186; baseline 0.009 -18"><span class='ocrx_word' id='word_1_303' title='bbox 177 3123 336 3169; x_wconf 66' lang='lat' dir='ltr'><strong>dimicasset.</strong></span> <span class='ocrx_word' id='word_1_304' title='bbox 361 3116 518 3167; x_wconf 78' lang='lat' dir='ltr'><strong>BENTLHIVS·</strong></span> <span class='ocrx_word' id='word_1_305' title='bbox 707 3134 754 3180; x_wconf 90' lang='lat' dir='ltr'><strong>ue,</strong></span> <span class='ocrx_word' id='word_1_306' title='bbox 787 3118 947 3186; x_wconf 82' lang='lat' dir='ltr'><strong>Porphyrione</strong></span> <span class='ocrx_word' id='word_1_307' title='bbox 973 3135 998 3173; x_wconf 90' lang='lat' dir='ltr'><strong>et</strong></span> <span class='ocrx_word' id='word_1_308' title='bbox 1021 3125 1209 3177; x_wconf 79' lang='lat' dir='ltr'><strong>Commentators</strong></span> 
     </span>
    </p>

    <p class='ocr_par' dir='ltr' id='par_1_4' title="bbox 171 3200 1212 4129">
     <span class='ocr_line' id='line_1_31' title="bbox 210 3200 1211 3278; baseline 0.011 -25"><span class='ocrx_word' id='word_1_309' title='bbox 210 3206 252 3253; x_wconf 88' lang='lat' dir='ltr'><strong>Pro</strong></span> <span class='ocrx_word' id='word_1_310' title='bbox 266 3207 365 3254; x_wconf 78' lang='lat' dir='ltr'><strong>nuncin</strong></span> <span class='ocrx_word' id='word_1_311' title='bbox 378 3202 519 3270; x_wconf 88' lang='lat' dir='ltr'><strong>quibusdam</strong></span> <span class='ocrx_word' id='word_1_312' title='bbox 532 3200 593 3251; x_wconf 78' lang='lat' dir='ltr'><strong><em>MSS.</em></strong></span> <span class='ocrx_word' id='word_1_313' title='bbox 608 3217 675 3252; x_wconf 81' lang='lat' dir='ltr'><strong>nom.</strong></span> <span class='ocrx_word' id='word_1_314' title='bbox 708 3203 839 3268; x_wconf 88' lang='lat' dir='ltr'><strong>Cruquiano</strong></span> <span class='ocrx_word' id='word_1_315' title='bbox 856 3204 975 3260; x_wconf 80' lang='lat' dir='ltr'><strong>discimus.</strong></span> <span class='ocrx_word' id='word_1_316' title='bbox 994 3211 1018 3260; x_wconf 89' lang='lat' dir='ltr'><strong>Si</strong></span> <span class='ocrx_word' id='word_1_317' title='bbox 1034 3213 1117 3278; x_wconf 89' lang='lat' dir='ltr'><strong>plura,</strong></span> <span class='ocrx_word' id='word_1_318' title='bbox 1134 3229 1211 3278; x_wconf 88' lang='lat' dir='ltr'><strong>quam</strong></span> 
     </span>
     <span class='ocr_line' id='line_1_32' title="bbox 175 3286 1212 3355; baseline 0.01 -16"><span class='ocrx_word' id='word_1_319' title='bbox 175 3292 235 3339; x_wconf 88' lang='lat' dir='ltr'><strong>Hine</strong></span> <span class='ocrx_word' id='word_1_320' title='bbox 251 3291 318 3338; x_wconf 82' lang='lat' dir='ltr'><strong>luere</strong></span> <span class='ocrx_word' id='word_1_321' title='bbox 336 3291 378 3355; x_wconf 93' lang='lat' dir='ltr'><strong>qui</strong></span> <span class='ocrx_word' id='word_1_322' title='bbox 393 3290 547 3339; x_wconf 75' lang='lat' dir='ltr'><strong>conficerent:</strong></span> <span class='ocrx_word' id='word_1_323' title='bbox 561 3286 677 3336; x_wconf 78' lang='lat' dir='ltr'><strong>Nemea·</strong></span> <span class='ocrx_word' id='word_1_324' title='bbox 707 3304 784 3351; x_wconf 89' lang='lat' dir='ltr'><strong>nune,</strong></span> <span class='ocrx_word' id='word_1_325' title='bbox 809 3287 951 3342; x_wconf 82' lang='lat' dir='ltr'><strong>haberemus</strong></span> <span class='ocrx_word' id='word_1_326' title='bbox 971 3296 1031 3345; x_wconf 79' lang='lat' dir='ltr'><strong>HSS.</strong></span> <span class='ocrx_word' id='word_1_327' title='bbox 1057 3300 1155 3347; x_wconf 83' lang='lat' dir='ltr'><strong>fortasse</strong></span> <span class='ocrx_word' id='word_1_328' title='bbox 1180 3302 1212 3350; x_wconf 88' lang='lat' dir='ltr'><strong>in</strong></span> 
     </span>
     <span class='ocr_line' id='line_1_33' title="bbox 176 3373 1212 3437; baseline 0.009 -13"><span class='ocrx_word' id='word_1_329' title='bbox 176 3378 213 3424; x_wconf 84' lang='lat' dir='ltr'><strong>tis</strong></span> <span class='ocrx_word' id='word_1_330' title='bbox 234 3383 273 3423; x_wconf 85' lang='lat' dir='ltr'><strong>est</strong></span> <span class='ocrx_word' id='word_1_331' title='bbox 292 3374 403 3435; x_wconf 69' lang='lat' dir='ltr'><strong>ditiora,</strong></span> <span class='ocrx_word' id='word_1_332' title='bbox 422 3388 466 3437; x_wconf 84' lang='lat' dir='ltr'><strong>ego</strong></span> <span class='ocrx_word' id='word_1_333' title='bbox 481 3373 547 3420; x_wconf 84' lang='lat' dir='ltr'><strong>mira</strong></span> <span class='ocrx_word' id='word_1_334' title='bbox 558 3381 675 3436; x_wconf 80' lang='lat' dir='ltr'><strong>poensoto</strong></span> <span class='ocrx_word' id='word_1_335' title='bbox 706 3388 753 3420; x_wconf 88' lang='lat' dir='ltr'><strong>uno</strong></span> <span class='ocrx_word' id='word_1_336' title='bbox 775 3373 879 3424; x_wconf 79' lang='lat' dir='ltr'><strong>alterove</strong></span> <span class='ocrx_word' id='word_1_337' title='bbox 900 3379 1072 3431; x_wconf 85' lang='lat' dir='ltr'><strong>inveniremus:</strong></span> <span class='ocrx_word' id='word_1_338' title='bbox 1094 3384 1147 3432; x_wconf 84' lang='lat' dir='ltr'><strong>Nec</strong></span> <span class='ocrx_word' id='word_1_339' title='bbox 1168 3384 1212 3432; x_wconf 81' lang='lat' dir='ltr'><strong>di-</strong></span> 
     </span>
     <span class='ocr_line' id='line_1_34' title="bbox 171 3457 1212 3531; baseline 0.009 -22"><span class='ocrx_word' id='word_1_340' title='bbox 171 3459 278 3528; x_wconf 78' lang='lat' dir='ltr'><strong>pungo?</strong></span> <span class='ocrx_word' id='word_1_341' title='bbox 291 3459 413 3509; x_wconf 90' lang='lat' dir='ltr'><strong>Bentleius</strong></span> <span class='ocrx_word' id='word_1_342' title='bbox 428 3474 470 3506; x_wconf 84' lang='lat' dir='ltr'><strong>nee</strong></span> <span class='ocrx_word' id='word_1_343' title='bbox 486 3457 546 3505; x_wconf 90' lang='lat' dir='ltr'><strong>bene</strong></span> <span class='ocrx_word' id='word_1_344' title='bbox 561 3474 676 3506; x_wconf 87' lang='lat' dir='ltr'><strong>commen·</strong></span> <span class='ocrx_word' id='word_1_345' title='bbox 707 3459 776 3507; x_wconf 68' lang='lat' dir='ltr'><strong>aissa</strong></span> <span class='ocrx_word' id='word_1_346' title='bbox 792 3468 834 3508; x_wconf 82' lang='lat' dir='ltr'><strong>sot</strong></span> <span class='ocrx_word' id='word_1_347' title='bbox 849 3469 899 3526; x_wconf 83' lang='lat' dir='ltr'><strong>est,</strong></span> <span class='ocrx_word' id='word_1_348' title='bbox 919 3479 963 3529; x_wconf 79' lang='lat' dir='ltr'><strong>ego</strong></span> <span class='ocrx_word' id='word_1_349' title='bbox 978 3474 1077 3515; x_wconf 81' lang='lat' dir='ltr'><strong>motura</strong></span> <span class='ocrx_word' id='word_1_350' title='bbox 1091 3478 1212 3531; x_wconf 70' lang='grc' dir='ltr'><strong>ροοηιαια</strong></span> 
     </span>
     <span class='ocr_line' id='line_1_35' title="bbox 177 3543 1211 3613; baseline 0.005 -15"><span class='ocrx_word' id='word_1_351' title='bbox 177 3549 255 3604; x_wconf 77' lang='lat' dir='ltr'><strong>davit:</strong></span> <span class='ocrx_word' id='word_1_352' title='bbox 282 3545 401 3611; x_wconf 77' lang='lat' dir='ltr'><strong>habetque</strong></span> <span class='ocrx_word' id='word_1_353' title='bbox 425 3543 487 3591; x_wconf 86' lang='lat' dir='ltr'><strong>illud</strong></span> <span class='ocrx_word' id='word_1_354' title='bbox 510 3545 607 3591; x_wconf 80' lang='lat' dir='ltr'><strong>sortasse</strong></span> <span class='ocrx_word' id='word_1_355' title='bbox 629 3543 674 3591; x_wconf 83' lang='lat' dir='ltr'><strong>ali-</strong></span> <span class='ocrx_word' id='word_1_356' title='bbox 701 3560 793 3608; x_wconf 74' lang='lat' dir='ltr'><strong>pango.</strong></span> <span class='ocrx_word' id='word_1_357' title='bbox 824 3545 851 3594; x_wconf 87' lang='lat' dir='ltr'><strong>Si</strong></span> <span class='ocrx_word' id='word_1_358' title='bbox 874 3563 918 3611; x_wconf 76' lang='lat' dir='ltr'><strong>rgo</strong></span> <span class='ocrx_word' id='word_1_359' title='bbox 938 3561 1084 3613; x_wconf 87' lang='lat' dir='ltr'><strong>servaretur,</strong></span> <span class='ocrx_word' id='word_1_360' title='bbox 1106 3561 1211 3603; x_wconf 82' lang='lat' dir='ltr'><strong>mature</strong></span> 
     </span>
     <span class='ocr_line' id='line_1_36' title="bbox 175 3627 1211 3701; baseline 0.004 -18"><span class='ocrx_word' id='word_1_361' title='bbox 175 3633 241 3701; x_wconf 89' lang='lat' dir='ltr'><strong>quod</strong></span> <span class='ocrx_word' id='word_1_362' title='bbox 257 3631 400 3699; x_wconf 83' lang='lat' dir='ltr'><strong>praesidium</strong></span> <span class='ocrx_word' id='word_1_363' title='bbox 417 3632 442 3678; x_wconf 90' lang='lat' dir='ltr'><strong>in</strong></span> <span class='ocrx_word' id='word_1_364' title='bbox 464 3628 515 3677; x_wconf 91' lang='lat' dir='ltr'><strong>loco</strong></span> <span class='ocrx_word' id='word_1_365' title='bbox 533 3627 676 3692; x_wconf 82' lang='lat' dir='ltr'><strong>Quintiliani</strong></span> <span class='ocrx_word' id='word_1_366' title='bbox 708 3628 791 3677; x_wconf 84' lang='lat' dir='ltr'><strong>debuit</strong></span> <span class='ocrx_word' id='word_1_367' title='bbox 805 3634 891 3680; x_wconf 84' lang='lat' dir='ltr'><strong>mutari</strong></span> <span class='ocrx_word' id='word_1_368' title='bbox 904 3635 1211 3687; x_wconf 77' lang='lat' dir='ltr'><strong>inusisuvelaliudslua·</strong></span> 
     </span>
     <span class='ocr_line' id='line_1_37' title="bbox 176 3715 1210 3789; baseline 0.005 -21"><span class='ocrx_word' id='word_1_369' title='bbox 176 3723 256 3770; x_wconf 81' lang='lat' dir='ltr'><strong>instit.</strong></span> <span class='ocrx_word' id='word_1_370' title='bbox 273 3719 310 3767; x_wconf 81' lang='lat' dir='ltr'><strong>Or.</strong></span> <span class='ocrx_word' id='word_1_371' title='bbox 321 3719 350 3781; x_wconf 78' lang='lat' dir='ltr'><strong>V,</strong></span> <span class='ocrx_word' id='word_1_372' title='bbox 363 3719 402 3765; x_wconf 82' lang='lat'><strong>10.</strong></span> <span class='ocrx_word' id='word_1_373' title='bbox 417 3716 466 3764; x_wconf 81' lang='lat' dir='ltr'><strong>Sed</strong></span> <span class='ocrx_word' id='word_1_374' title='bbox 477 3730 524 3762; x_wconf 81' lang='lat' dir='ltr'><strong>nors</strong></span> <span class='ocrx_word' id='word_1_375' title='bbox 537 3716 620 3778; x_wconf 72' lang='lat' dir='ltr'><strong>:nugis</strong></span> <span class='ocrx_word' id='word_1_376' title='bbox 635 3715 677 3761; x_wconf 80' lang='lat' dir='ltr'><strong>boc</strong></span> <span class='ocrx_word' id='word_1_377' title='bbox 709 3732 761 3763; x_wconf 88' lang='lat' dir='ltr'><strong>rum</strong></span> <span class='ocrx_word' id='word_1_378' title='bbox 785 3715 930 3782; x_wconf 79' lang='lat' dir='ltr'><strong>syllabarum</strong></span> <span class='ocrx_word' id='word_1_379' title='bbox 951 3719 1111 3786; x_wconf 84' lang='lat' dir='ltr'><strong>adiectivum,</strong></span> <span class='ocrx_word' id='word_1_380' title='bbox 1136 3724 1210 3789; x_wconf 82' lang='lat' dir='ltr'><strong>quale</strong></span> 
     </span>
     <span class='ocr_line' id='line_1_38' title="bbox 177 3799 1209 3874; baseline -0.006 -19"><span class='ocrx_word' id='word_1_381' title='bbox 177 3816 219 3855; x_wconf 84' lang='lat' dir='ltr'><strong>sot</strong></span> <span class='ocrx_word' id='word_1_382' title='bbox 231 3814 283 3869; x_wconf 84' lang='lat' dir='ltr'><strong>ast,</strong></span> <span class='ocrx_word' id='word_1_383' title='bbox 296 3820 368 3869; x_wconf 76' lang='lat' dir='ltr'><strong>quom</strong></span> <span class='ocrx_word' id='word_1_384' title='bbox 374 3804 529 3867; x_wconf 82' lang='lat' dir='ltr'><strong>palaestram</strong></span> <span class='ocrx_word' id='word_1_385' title='bbox 542 3799 676 3861; x_wconf 84' lang='lat' dir='ltr'><strong>didicisse,</strong></span> <span class='ocrx_word' id='word_1_386' title='bbox 710 3816 754 3866; x_wconf 77' lang='lat' dir='ltr'><strong>ego</strong></span> <span class='ocrx_word' id='word_1_387' title='bbox 769 3804 856 3851; x_wconf 68' lang='lat' dir='ltr'><strong>multu</strong></span> <span class='ocrx_word' id='word_1_388' title='bbox 873 3804 946 3869; x_wconf 72' lang='lat' dir='ltr'><strong>Quid,</strong></span> <span class='ocrx_word' id='word_1_389' title='bbox 963 3809 1043 3872; x_wconf 65' lang='lat' dir='ltr'><strong>inquit</strong></span> <span class='ocrx_word' id='word_1_390' title='bbox 1057 3819 1126 3874; x_wconf 70' lang='lat' dir='ltr'><strong>poeta</strong></span> <span class='ocrx_word' id='word_1_391' title='bbox 1141 3812 1209 3860; x_wconf 69' lang='lat' dir='ltr'><strong>sem.</strong></span> 
     </span>
     <span class='ocr_line' id='line_1_39' title="bbox 176 3885 1209 3960; baseline 0.007 -22"><span class='ocrx_word' id='word_1_392' title='bbox 176 3895 231 3938; x_wconf 83' lang='lat' dir='ltr'><strong>nisi</strong></span> <span class='ocrx_word' id='word_1_393' title='bbox 247 3907 333 3955; x_wconf 83' lang='lat' dir='ltr'><strong>eorpus</strong></span> <span class='ocrx_word' id='word_1_394' title='bbox 345 3888 537 3947; x_wconf 64' lang='lat' dir='ltr'><strong>comitatiores,</strong></span> <span class='ocrx_word' id='word_1_395' title='bbox 551 3886 676 3933; x_wconf 77' lang='lat' dir='ltr'><strong>eontirwn-</strong></span> <span class='ocrx_word' id='word_1_396' title='bbox 707 3903 779 3948; x_wconf 90' lang='lat' dir='ltr'><strong>nans,</strong></span> <span class='ocrx_word' id='word_1_397' title='bbox 793 3885 854 3935; x_wconf 85' lang='lat' dir='ltr'><strong>mihi</strong></span> <span class='ocrx_word' id='word_1_398' title='bbox 867 3906 920 3938; x_wconf 89' lang='lat' dir='ltr'><strong>cum</strong></span> <span class='ocrx_word' id='word_1_399' title='bbox 933 3890 999 3941; x_wconf 89' lang='lat' dir='ltr'><strong>lenta</strong></span> <span class='ocrx_word' id='word_1_400' title='bbox 1009 3897 1209 3960; x_wconf 74' lang='lat' dir='ltr'><strong>praeparatione?</strong></span> 
     </span>
     <span class='ocr_line' id='line_1_40' title="bbox 180 3971 1210 4040; baseline 0.01 -20"><span class='ocrx_word' id='word_1_401' title='bbox 180 3977 232 4037; x_wconf 83' lang='lat' dir='ltr'><strong>tia,</strong></span> <span class='ocrx_word' id='word_1_402' title='bbox 245 3978 323 4039; x_wconf 83' lang='lat' dir='ltr'><strong>cibis,</strong></span> <span class='ocrx_word' id='word_1_403' title='bbox 337 3983 395 4023; x_wconf 77' lang='lat' dir='ltr'><strong>ants</strong></span> <span class='ocrx_word' id='word_1_404' title='bbox 410 3974 492 4021; x_wconf 77' lang='lat' dir='ltr'><strong>omerio</strong></span> <span class='ocrx_word' id='word_1_405' title='bbox 504 3978 596 4017; x_wconf 77' lang='lat' dir='ltr'><strong>notura</strong></span> <span class='ocrx_word' id='word_1_406' title='bbox 606 3972 677 4037; x_wconf 72' lang='lat' dir='ltr'><strong>iusq-</strong></span> <span class='ocrx_word' id='word_1_407' title='bbox 709 3971 758 4020; x_wconf 82' lang='lat' dir='ltr'><strong>lam</strong></span> <span class='ocrx_word' id='word_1_408' title='bbox 771 3988 834 4020; x_wconf 88' lang='lat' dir='ltr'><strong>nune</strong></span> <span class='ocrx_word' id='word_1_409' title='bbox 846 3975 942 4040; x_wconf 86' lang='lat' dir='ltr'><strong>incipio.</strong></span> <span class='ocrx_word' id='word_1_410' title='bbox 956 3979 1048 4027; x_wconf 85' lang='lat' dir='ltr'><strong>lllature</strong></span> <span class='ocrx_word' id='word_1_411' title='bbox 1058 3996 1138 4029; x_wconf 84' lang='lat' dir='ltr'><strong>versus</strong></span> <span class='ocrx_word' id='word_1_412' title='bbox 1147 3998 1210 4029; x_wconf 89' lang='lat' dir='ltr'><strong>com-</strong></span> 
     </span>
     <span class='ocr_line' id='line_1_41' title="bbox 179 4055 1210 4129; baseline 0.009 -23"><span class='ocrx_word' id='word_1_413' title='bbox 179 4065 234 4118; x_wconf 83' lang='lat' dir='ltr'><strong>tur,</strong></span> <span class='ocrx_word' id='word_1_414' title='bbox 260 4061 338 4108; x_wconf 62' lang='lat' dir='ltr'><strong>mesti</strong></span> <span class='ocrx_word' id='word_1_415' title='bbox 359 4066 444 4106; x_wconf 77' lang='lat' dir='ltr'><strong>contro</strong></span> <span class='ocrx_word' id='word_1_416' title='bbox 464 4072 495 4104; x_wconf 83' lang='lat' dir='ltr'><strong>no</strong></span> <span class='ocrx_word' id='word_1_417' title='bbox 515 4057 562 4105; x_wconf 78' lang='lat' dir='ltr'><strong>itta</strong></span> <span class='ocrx_word' id='word_1_418' title='bbox 578 4055 675 4116; x_wconf 75' lang='lat' dir='ltr'><strong>quidem</strong></span> <span class='ocrx_word' id='word_1_419' title='bbox 708 4074 777 4122; x_wconf 88' lang='lat' dir='ltr'><strong>pono.</strong></span> <span class='ocrx_word' id='word_1_420' title='bbox 794 4058 883 4107; x_wconf 88' lang='lat' dir='ltr'><strong>Cavebo</strong></span> <span class='ocrx_word' id='word_1_421' title='bbox 897 4077 926 4108; x_wconf 88' lang='lat' dir='ltr'><strong>ne</strong></span> <span class='ocrx_word' id='word_1_422' title='bbox 940 4065 983 4111; x_wconf 91' lang='lat' dir='ltr'><strong>sim</strong></span> <span class='ocrx_word' id='word_1_423' title='bbox 997 4075 1135 4129; x_wconf 87' lang='lat' dir='ltr'><strong>postremus.</strong></span> <span class='ocrx_word' id='word_1_424' title='bbox 1151 4065 1210 4115; x_wconf 86' lang='lat' dir='ltr'><strong>Sero</strong></span> 
     </span>
    </p>
   </div>
   <div class='ocr_carea' id='block_1_4' title="bbox 0 0 1380 4844">
    <p class='ocr_par' dir='ltr' id='par_1_5' title="bbox 0 0 1380 4844">
     <span class='ocr_line' id='line_1_42' title="bbox 0 0 1380 4844; baseline 0 0"><span class='ocrx_word' id='word_1_425' title='bbox 0 0 1380 4844; x_wconf 95' lang='lat' dir='ltr'><strong> </strong></span> 
     </span>
    </p>
   </div>
  </div>
 </body>
</html>
