2752 4844
534 395 594 455 An
626 397 845 458 PISONES.

205 595 367 668 Iustitiam
392 596 548 690 legesque
576 604 611 666 et
636 598 759 693 apertis
779 598 849 667 otia
871 601 987 692 portis.

172 819 273 884 Chorus,
289 837 337 870 non
353 822 490 868 irascentes
505 818 573 868 modo
589 819 631 868 sed
644 830 669 868 et
701 823 777 884 cavit,
800 837 856 869 usus
871 819 955 870 iisdem
971 820 1053 871 multis
1067 821 1200 887 exemplis,

172 906 289 955 dolentes.
304 905 445 954 Claudianus
456 906 542 968 XLIX,
560 904 589 954 de
603 906 669 954 sonte
703 905 791 972 quilius
806 909 884 955 utitur
899 907 1034 955 Bentleius:
1058 918 1111 973 post
1131 909 1202 957 Hein-

97 1009 101 1016 ·
172 992 431 1056 AponosPoeoturque
443 1006 516 1056 aegro
529 993 673 1039 tumeriente
705 993 766 1039 sium
792 991 940 1057 explicavere
964 992 1036 1040 multi
1055 993 1102 1041 viri
1123 991 1201 1056 docti,

173 1077 247 1126 dolor.
264 1077 312 1125 imo
329 1087 354 1125 et
369 1084 505 1124 metuentes
518 1092 623 1141 quoque3
642 1087 671 1124 ut
702 1077 952 1142 nominatiallltperto
961 1076 991 1126 ad
999 1077 1084 1126 Silium
1092 1077 1203 1126 Italicum

173 1163 216 1228 qui
231 1162 304 1224 velit,
323 1163 394 1210 etiam
409 1161 471 1210 illud
487 1161 607 1209 vindicare
621 1179 673 1227 pos·
704 1162 741 1225 11,
758 1164 814 1212 626.
831 1162 877 1211 Sed
893 1164 961 1228 iungi
976 1165 1057 1212 iratos
1070 1173 1094 1212 et
1111 1171 1204 1211 tumen·

173 1249 217 1311 sit,
237 1255 263 1296 et
277 1254 342 1295 emet
352 1262 444 1311 pecore
461 1249 590 1305 timentes,
610 1246 674 1312 quod
707 1255 744 1296 tes
764 1247 886 1296 Bentleius
906 1265 953 1296 non
976 1248 1043 1297 vicit.
1073 1249 1204 1314 Iunguntur

173 1332 255 1400 plures
285 1332 379 1381 Codices
406 1342 543 1398 agnoscunt.
585 1331 672 1381 Seneca
705 1343 793 1381 autem.
818 1333 876 1381 Tum
891 1335 937 1382 ista
954 1335 1089 1382 coniunctio
1104 1344 1153 1382 tam
1169 1352 1206 1383 ar-

173 1420 247 1484 Epist.
271 1419 329 1468 LIX.
351 1419 403 1467 Nil
421 1419 539 1466 stultitia
555 1425 673 1481 pacatum
706 1428 744 1468 cta
764 1428 816 1481 est,
838 1429 883 1482 ut,
905 1428 1026 1485 tamquam
1047 1436 1091 1484 per
1106 1420 1206 1486 figuram

174 1506 261 1566 luben·
279 1513 331 1552 tum
345 1519 449 1567 surperne
464 1505 509 1551 illi
524 1511 605 1551 metus
621 1511 672 1565 est,
706 1503 866 1570 Hendyadyn,
881 1504 951 1569 plane
961 1504 1031 1553 idem
1047 1506 1206 1570 significetur,

174 1606 245 1656 quom
260 1591 344 1652 inesse:
365 1597 494 1653 utcumque
512 1589 623 1653 trepidat
639 1591 675 1637 te-
707 1606 734 1637 ac
755 1591 775 1637 si
796 1590 917 1654 legeretur
933 1593 975 1637 ire
992 1598 1120 1640 tummtes.
1146 1591 1208 1640 Talis

175 1683 224 1726 tus.
250 1677 277 1724 Et
294 1675 341 1724 huc
357 1675 423 1723 trahi
438 1675 500 1722 sorte
517 1683 597 1740 potest
612 1672 675 1722 illud
707 1675 888 1739 participiorum
914 1676 1049 1724 coniunctio
1075 1693 1122 1724 non
1146 1675 1208 1724 bene

175 1761 267 1811 Manilii
279 1761 321 1824 ll,
330 1763 386 1810 182.
401 1760 439 1808 Et
448 1775 538 1824 pecore
549 1767 617 1807 metu
629 1761 676 1807 sil·
708 1770 832 1825 separatur
854 1776 897 1825 per
918 1759 964 1807 duo
980 1758 1052 1808 verba
1068 1769 1141 1826 reget
1156 1764 1209 1809 tre-

175 1863 236 1911 vas,
252 1854 278 1894 et
293 1849 376 1895 uivere
392 1853 471 1911 rapto.
489 1845 649 1894 BEN'l'LllllS.
709 1853 747 1893 tes
771 1855 797 1893 et
816 1853 891 1910 pacet
909 1853 1038 1896 tuerentes.
1064 1846 1207 1895 Dicendum:

207 1934 274 1981 Item¹
286 1941 342 1980 sunt
354 1931 460 1980 homines
473 1930 576 1996 praediti
588 1931 643 1979 miti
651 1940 676 1979 et
708 1939 781 1995 reget
789 1946 833 1979 seu
844 1939 919 1996 pacet
934 1932 1029 1995 iratos,
1047 1939 1119 1997 reget
1129 1939 1154 1980 et
1162 1948 1210 1996 po-

175 2016 269 2085 placido
281 2019 394 2082 ingenio,
408 2018 511 2082 oppositi
515 2017 644 2077 fnooilus
652 2026 677 2065 et
709 2024 748 2064 cet
772 2024 911 2081 tumentes,
937 2019 1019 2066 iratos
1044 2025 1211 2081 tumentesque

174 2101 679 2167 iracundial'eeooretimentqnifugiunt,
713 2108 785 2166 reget
798 2109 823 2149 et
831 2110 913 2166 pacet.
935 2103 1003 2151 Amet
1011 2119 1103 2167 pacare
1120 2112 1213 2152 tumen·

176 2192 276 2251 nolunt,
290 2204 338 2236 non
352 2190 463 2252 peccant:
478 2185 518 2233 lric
533 2203 545 2234 e
559 2186 678 2234 sententia
712 2194 749 2233 tes
765 2188 872 2234 universe
893 2203 975 2235 verum
990 2205 1037 2236 non
1054 2197 1097 2238 est.
1123 2169 1211 2237 Clrorus

176 2272 310 2323 addendum
324 2274 415 2319 tineent
427 2286 457 2319 en
469 2286 549 2318 umere
562 2273 677 2319 uirtutis.
711 2272 762 2336 ipse
780 2280 814 2319 est
830 2270 906 2320 bonus
923 2281 947 2320 et
963 2271 1067 2337 probus,
1091 2272 1212 2339 bonosque

176 2341 234 2409 llam
259 2360 280 2408 si
305 2359 415 2406 Horatius
439 2355 500 2406 alibi
523 2355 583 2405 dicit
608 2357 679 2405 bonos
711 2365 736 2404 et
760 2355 845 2423 probos
869 2356 958 2422 diligit.
988 2358 1037 2406 Iam
1059 2357 1145 2408 Chorus
1166 2376 1213 2408 non

177 2447 257 2496 odisse
265 2452 368 2510 peceato
381 2445 489 2491 uirtutis
501 2443 679 2504 umore‚melos
710 2458 790 2490 omnes
808 2450 930 2491 tumentes
950 2442 1054 2508 pacabit.
1075 2445 1120 2508 Qui
1136 2445 1214 2494 scelus

169 2533 309 2594 formidine
320 2545 427 2596 poenae,
445 2539 480 2577 est
494 2545 521 2577 ea
534 2525 679 2576 animadver·
712 2529 844 2590 commisit,
877 2530 955 2577 timet.
980 2527 1068 2578 Chorus
1091 2547 1213 2596 nunquam

178 2621 229 2682 sio,
252 2635 314 2684 quae
339 2616 370 2665 ed
393 2615 458 2663 lrune
482 2614 560 2663 locum
581 2614 678 2662 minime
712 2613 805 2662 efficere
832 2613 954 2689 tentabit,
979 2625 1008 2664 ut
1023 2616 1136 2665 scelestus
1152 2617 1214 2680 ille,

178 2706 291 2771 pertinet.
316 2704 362 2767 Qui
379 2703 466 2750 timent
482 2716 578 2765 peccare
596 2699 678 2747 sormi·
710 2698 788 2746 soluto
812 2707 894 2761 metu,
919 2700 962 2747 fiat
979 2717 1083 2761 securus.
1108 2703 1213 2767 Quapro-
1237 2715 1240 2720 ’

179 2789 234 2839 dine
247 2805 350 2856 poenae,
364 2796 420 2836 sunt
433 2787 503 2834 ntuli.
520 2784 682 2833 Hoschorout
714 2794 768 2850 pter
791 2783 913 2832 Bentleius
937 2783 998 2834 mihi
1021 2803 1068 2835 non
1088 2790 1214 2852 persuasit·

181 2885 269 2925 amaret
278 2872 377 2924 suadere
393 2889 440 2921 non
453 2879 539 2937 potest.
556 2872 616 2935 Ergo
630 2887 682 2918 sen·
714 2869 815 2935 Vulgata
838 2879 918 2918 nmen
933 2887 980 2918 non
997 2870 1075 2920 laudo.
1101 2873 1128 2920 ln
1144 2871 1215 2922 Godd.

181 2962 258 3010 tentia
273 2959 336 3008 nihil
354 2956 428 3006 habet
444 2954 558 3021 ambigui.
584 2957 682 3004 Timere
714 2955 823 3004 D’Orsill.
858 2965 883 3023 et
903 2955 1018 3021 llaming.
1049 2955 1112 3006 unde
1140 2958 1217 3006 varias

182 3056 219 3096 est
236 3047 378 3105 abstinere,
402 3042 564 3103 nonfacere,
591 3041 682 3089 uitare.
716 3040 830 3089 lectiones
870 3042 988 3106 excerpsit
1022 3040 1217 3108 Oudendorpius‚

180 3128 401 3198 tugtl.ceorg.1,
417 3129 474 3177 240.
491 3126 581 3175 Arctos
591 3127 683 3174 Oceani
714 3124 827 3175 scribitur
846 3128 995 3175 enuntietur
1010 3129 1115 3189 amieis5
1142 3140 1167 3177 et
1183 3131 1218 3177 sic

181 3225 318 3268 metuentes
341 3229 444 3277 aequore
469 3214 564 3278 tingui.
594 3211 682 3278 ttugit
716 3213 788 3260 estin
802 3209 871 3260 editt.
887 3210 1027 3277 quibasdam
1043 3215 1162 3280 antiquis,
1178 3231 1219 3263 ve·

184 3321 235 3354 eam
248 3302 445 3369 significationem
457 3299 587 3347 Gronovius
600 3296 631 3346 ad
645 3298 684 3346 Li·
717 3297 764 3345 luti
785 3298 811 3345 in
831 3297 967 3346 Florentius
990 3314 1012 3347 a.
1030 3300 1101 3348 1560.
1128 3298 1174 3348 Sed
1192 3301 1219 3348 in

182 3391 247 3438 rium
263 3384 364 3449 XXXII,
381 3387 421 3433 st.
448 3393 473 3432 et
491 3385 634 3449 interpretes
651 3381 682 3431 ad
713 3380 783 3430 Codd.
798 3398 869 3447 supra
885 3382 994 3432 ulsinum
1013 3385 1040 3433 iu
1055 3386 1146 3433 uncins
1163 3386 1219 3434 scri·

183 3467 275 3524 Horatii
289 3471 469 3533 Garm.lll‚14.
479 3469 549 3535 plura
566 3467 686 3517 dixerunt.
720 3466 788 3515 bitur
803 3483 823 3516 e.
854 3468 881 3516 In
902 3467 963 3518 MSS.
984 3486 1044 3534 quae
1060 3468 1138 3518 adhuc
1154 3471 1221 3518 inne·

185 3559 272 3608 Chorus
287 3574 385 3624 peccare
406 3557 518 3604 timentes
535 3560 613 3616 emet,
634 3569 687 3601 ver·
718 3552 831 3616 tuerun't,
840 3552 908 3602 nulla
922 3555 1028 3603 cernitur
1039 3557 1150 3604 varietas.
1161 3555 1222 3603 Hine

185 3628 262 3693 bisse
279 3661 317 3693 eos
333 3659 411 3692 amare
428 3640 542 3690 declaret.
559 3639 619 3687 Hinc
635 3655 687 3704 spe·
719 3640 795 3704 igitur
825 3655 895 3688 verae
928 3639 1027 3689 lectioni
1060 3637 1223 3688 restituendae

186 3738 288 3779 statores
319 3733 433 3777 amorem‘
446 3725 513 3774 chori
536 3724 686 3789 intelligunt.
719 3724 813 3775 nullum
830 3723 901 3774 datur
917 3724 1068 3790 praesidium.
1094 3726 1141 3789 Ego
1160 3724 1224 3773 ordi-

188 3816 286 3864 Te'mere
300 3822 324 3861 et
338 3821 444 3874 tumere,
462 3813 538 3859 timer
553 3819 578 3857 et
595 3817 688 3872 tumor,
720 3827 776 3859 nem
800 3809 925 3858 verborum
949 3811 983 3858 sic
1011 3826 1059 3858 esse
1084 3809 1224 3860 mutandum

188 3899 295 3949 timidus
316 3907 340 3946 et
358 3896 468 3944 tumidus
489 3890 579 3944 centies
597 3911 692 3960 permu-
724 3910 820 3944 censeo:
834 3896 882 3943 Ille
893 3894 1112 3958 lenisseeeutque,
1126 3904 1152 3944 et
1159 3904 1226 3945 enset

186 3996 277 4036 tantur.
309 3983 357 4032 lam
382 3981 491 4029 Heinsius
511 3979 542 4029 ad
565 3978 688 4029 Claudiani
715 3994 817 4046 peecare
839 3981 973 4041 timentes,
998 3980 1035 4028 Et
1055 3989 1129 4046 reget
1144 3984 1226 4030 iratos

187 4070 315 4138 Epistulam
331 4065 361 4116 ad
368 4063 512 4114 Hadrianum
527 4082 560 4114 vs.
576 4068 599 4114 7.
615 4065 691 4131 expli·
723 4073 749 4113 et
771 4065 919 4114 consilietur
941 4066 1026 4115 amice.
1051 4067 1113 4115 Haec
1130 4066 1224 4116 demum

1075 4159 1096 4221 7
