2752 4844
229 394 266 454 58
488 394 700 457 HORATII
731 395 972 454 EPISTOLA

252 595 404 666 lntemrit
424 597 587 686 multum,
613 595 768 666 Davusne
789 594 966 688 loquatur,
992 619 1035 665 an
1057 594 1174 682 heros3

220 819 315 882 equites
333 827 473 884 putresque.
507 820 557 867 Non
581 820 615 867 ita
631 834 714 884 magna
746 833 800 866 uem
824 821 1032 867 suovetaurilibus
1052 820 1180 868 lustravit.
1205 819 1242 868 lbi

220 907 319 952 mutatio
341 914 392 962 est;
410 906 442 953 *et
467 905 569 971 proclive
595 913 661 966 erat,
686 912 714 951 ut
747 905 793 952 iam
806 903 843 952 Fr.
853 903 960 953 Sanctius
972 905 1044 954 verba
1055 905 1146 953 Horatii
1158 920 1242 952 memo·

218 1000 271 1054 post
285 992 379 1053 equites
388 992 489 1055 pedites
495 990 643 1039 inducerent.
660 991 716 1038 Nos·
747 992 822 1052 ravit,
838 992 906 1055 quasi
919 990 981 1038 idem
991 992 1158 1060 significarent
1175 990 1243 1038 Vides

219 1085 256 1123 ter
271 1077 334 1124 infra
349 1093 372 1125 v.
389 1079 446 1125 248.
471 1077 633 1138 Offiuduutur
649 1077 716 1123 euim
747 1085 826 1124 antem
834 1076 926 1124 livium
934 1075 962 1124 de
971 1078 1081 1124 euercitu
1090 1077 1163 1141 loqui.
1175 1077 1242 1124 Prae·

219 1163 306 1225 quibus
326 1170 365 1210 est
385 1178 459 1225 equus
477 1170 504 1209 et
518 1169 594 1225 puter
615 1168 641 1208 et
661 1177 715 1208 res:
748 1170 813 1209 terea
833 1163 927 1225 equites
943 1160 1046 1209 nondum
1068 1160 1243 1219 constituebant

218 1247 270 1297 Nec
286 1250 311 1312 si
326 1248 386 1310 quid
389 1247 471 1307 fricti
486 1248 576 1295 ciceris
586 1248 678 1310 probat
690 1253 716 1293 et
747 1249 840 1311 privum
861 1246 982 1308 ordinem,
1005 1262 1074 1311 quem
1098 1245 1243 1311 temporibus

218 1335 290 1381 nucis
302 1340 392 1394 emtor,
408 1332 501 1395 Aequis
516 1334 644 1396 accipiunt
660 1333 714 1379 aui·
746 1330 902 1380 Gracchorum
926 1333 1068 1380 constituere
1092 1333 1241 1398 inceperunt.

217 1420 267 1466 mis
280 1419 398 1466 donantve
407 1433 500 1467 emona.
517 1416 598 1480 Vides,
615 1419 713 1482 opinor,
745 1416 859 1464 Solemnis
871 1417 974 1465 formula
991 1427 1026 1465 est
1039 1419 1135 1480 equites
1144 1425 1244 1482 putres-

219 1504 314 1567 equites
335 1514 359 1551 et
367 1511 468 1568 putres,
490 1513 518 1551 ut
534 1503 591 1551 locis
605 1504 631 1551 iu
647 1501 714 1550 thea-
746 1517 804 1565 que,
822 1505 928 1566 populus
944 1510 1093 1567 putresque,
1111 1504 1182 1566 plebs
1197 1519 1244 1566 pe·

219 1598 269 1652 tro,
290 1591 326 1638 ita
342 1600 366 1638 et
380 1588 515 1652 iudiciis,a
531 1589 618 1654 populo
635 1588 715 1636 discri-
749 1596 860 1651 tresque,
886 1605 955 1654 quam
976 1588 1097 1637 Bentleius
1121 1590 1168 1636 iam
1187 1589 1243 1638 illu-

219 1677 315 1724 minari:
338 1675 393 1724 illos
417 1675 477 1723 solos
498 1678 523 1723 in
542 1674 580 1722 his
597 1676 714 1723 Musarum
746 1684 861 1723 straverat
873 1674 904 1722 ad
915 1675 1088 1723 HoratiiCarm.
1098 1674 1242 1737 111,v1,20.

220 1760 287 1809 donis
303 1762 420 1826 legitimos
442 1771 466 1808 et
484 1761 593 1809 honestos
610 1777 715 1808 censores
747 1761 828 1808 Nostro
853 1760 904 1808 loco
926 1762 1011 1810 eximie
1028 1762 1093 1808 lavet
1110 1759 1243 1825 exemplum

220 1863 282 1905 esse;
301 1846 450 1912 plebeculam
465 1863 518 1895 cum
533 1848 607 1894 cicere
621 1862 663 1893 sno
680 1846 717 1893 ni·
748 1845 862 1894 Martialis
875 1847 953 1911 Epigr.
970 1846 1037 1909 XIV,
1055 1849 1109 1895 120.
1125 1847 1244 1903 Quamvis

219 1931 255 1979 hil
270 1931 310 1979 hic
320 1948 409 1996 sapere.
427 1930 585 1979 BENlelVS.
746 1945 784 1976 me
805 1932 911 1994 ligulam
934 1932 1019 1980 dicunt
1043 1934 1182 1995 equitesque
1198 1948 1244 1995 po·

252 2014 328 2063 Habet
349 2018 394 2063 ista
413 2015 544 2063 emendatio
561 2032 639 2076 omnes
655 2016 716 2063 veri·
749 2023 860 2079 tresque,
884 2017 962 2064 Diem
985 2018 1013 2063 ab
1037 2018 1146 2082 indoctis
1162 2019 1244 2081 ligula

220 2103 276 2150 tatis
291 2118 406 2150 numeros.
432 2101 540 2148 Praefers
557 2102 651 2164 equites
670 2117 716 2164 pu·
749 2103 932 2150 Grammaticis.
952 2102 1066 2149 Gesnerus
1087 2101 1150 2149 illud
1166 2119 1244 2150 exem-

220 2194 324 2251 tresque.
343 2187 503 2252 spectatores,
520 2186 578 2234 licet
593 2188 716 2252 compositi
747 2186 813 2251 plum
827 2189 978 2251 monstravit,
996 2198 1107 2236 ettamen
1123 2188 1244 2236 Bentleius

221 2291 250 2322 ex
261 2273 352 2338 triplici
360 2275 595 2337 potrum,equitum
605 2283 629 2320 et
633 2275 714 2337 plebis
746 2275 792 2338 ipsi
813 2291 860 2322 non
881 2275 1005 2339 persuasit.
1038 2273 1187 2336 Ridiculum,
1209 2276 1244 2322 ita

220 2351 319 2424 genere,
329 2370 420 2422 tamen,
431 2361 452 2406 si
459 2358 594 2405 huiusmodi
601 2358 714 2406 iudicium
747 2357 866 2422 disputat,
880 2369 951 2423 auget
964 2359 1073 2421 Flaccus,
1090 2362 1165 2425 primo
1182 2359 1245 2425 quod

219 2446 312 2508 agitur,
337 2443 394 2491 duas
415 2451 493 2505 partes
518 2442 636 2503 efficiunt,
659 2443 714 2506 quia
742 2443 842 2504 pedites
859 2460 900 2506 pro
925 2442 995 2506 plebe
1019 2446 1104 2507 ponit,
1126 2447 1193 2509 quasi
1214 2444 1244 2493 de

220 2537 299 2592 patres
316 2537 341 2575 et
354 2528 446 2591 equites
459 2541 532 2573 uuum
545 2524 654 2590 idemque
663 2542 715 2572 sen·
748 2527 854 2573 exercitu
876 2543 950 2574 sermo
977 2537 1050 2575 esset:
1079 2527 1164 2576 deinde
1189 2532 1245 2594 quia

220 2614 301 2674 tinnt,
326 2610 404 2677 plebis
427 2621 507 2658 autem
530 2610 644 2658 indicium
667 2626 714 2658 non
747 2612 821 2674 magis
829 2608 944 2659 ridiculus
952 2620 987 2658 est
998 2621 1162 2678 poeta,quem
1170 2616 1242 2662 etiam

220 2709 324 2752 curatur.
339 2698 441 2745 Pedites
454 2706 478 2743 et
494 2697 588 2759 equites
598 2711 713 2761 nusquam
745 2694 813 2761 plebs
827 2695 897 2745 ridet.
912 2695 958 2744 Sed
972 2696 1065 2745 nullum
1081 2701 1175 2747 omnino
1193 2699 1246 2765 ple·

220 2785 314 2846 inveni,
330 2784 377 2832 nisi
393 2800 420 2832 ea
433 2784 563 2844 sententia,
581 2798 650 2847 quam
658 2782 717 2829 Ben-
749 2779 786 2830 bis
806 2784 832 2830 in
850 2781 895 2830 tali
910 2799 935 2831 rc
953 2792 988 2830 est
1011 2782 1133 2832 iudicium.
1156 2785 1245 2850 Vulgus

221 2870 294 2919 tleius
307 2871 423 2936 exposuit.
438 2868 568 2916 ltaluctor
577 2867 670 2932 Elegiae
684 2866 714 2915 ad
747 2866 850 2915 habetur
865 2869 979 2932 pessimus
995 2870 1102 2917 veritatis
1118 2871 1244 2936 interpres.

220 2958 310 3006 liviam
330 2957 458 3021 Augustam
480 2956 536 3003 217.
553 2953 716 3016 Armatasque
747 2954 819 3018 Finge
840 2953 969 3019 Telephum
987 2954 1120 3003 mendicum
1139 2972 1244 3004 sermone

220 3058 307 3107 regum
327 3044 448 3090 celebrant
464 3041 492 3088 de
512 3054 577 3086 more
593 3039 714 3100 cobortes,
748 3039 837 3103 tragico
858 3040 931 3088 fuisse
950 3039 1069 3103 locutum,
1095 3041 1139 3090 hoc
1155 3041 1246 3107 plebeii

221 3129 259 3175 Et
269 3127 345 3191 pedes
361 3128 488 3190 exsequias
506 3125 589 3172 reddit
602 3139 717 3187 equesque
749 3133 891 3188 spectatores
911 3141 1030 3190 uunquam
1047 3125 1166 3188 riderent,
1188 3128 1245 3191 quia

220 3213 286 3262 duci.
303 3212 427 3261 ExPlauto
439 3210 501 3258 nihil
513 3211 573 3258 certi
583 3210 713 3259 conficitur.
747 3211 824 3257 miuus
840 3208 979 3275 sapiebant,
1004 3202 1077 3277 quam¹
1095 3222 1123 3259 ut
1141 3211 1245 3259 animad-

220 3298 295 3359 Nam,
317 3307 345 3345 ut
363 3299 469 3345 omittam
487 3294 580 3344 iocandi
596 3296 715 3360 risumque
748 3304 875 3344 verterent.
892 3295 986 3345 Carolus
998 3299 1057 3360 Fea,
1071 3307 1193 3362 postquam
1210 3297 1244 3345 di-

221 3382 332 3449 captandi
347 3380 466 3443 studium,
480 3381 522 3428 ille
532 3381 634 3429 Romana
648 3397 715 3446 pere·
747 3390 815 3428 xerat
833 3381 967 3429 bentleium
988 3381 1100 3430 audacter
1113 3392 1144 3430 >et
1160 3384 1244 3432 inscite

221 3471 295 3536 grinis
308 3471 342 3516 ita
358 3469 484 3528 immiscet,
501 3476 529 3513 ut
543 3483 569 3514 ea
583 3465 714 3514 discernme
748 3464 905 3514 emendavisse
937 3469 1075 3531 equitesque
1095 3475 1243 3531 patresque,

220 3553 435 3604 sitdifficillimum.
454 3551 566 3599 Nonnulli
574 3549 716 3616 praesidium
749 3551 855 3599 conferre
880 3568 922 3600 nos
946 3551 1015 3600 iubet
1036 3569 1069 3600 vs.
1092 3554 1125 3600 95
1144 3563 1168 3600 et
1187 3556 1244 3603 248.

221 3657 271 3690 esse
287 3647 430 3706 putaverunt
445 3639 471 3685 in
484 3637 582 3697 Liviol,
599 3638 638 3684 44.
658 3636 716 3683 Ceu·
747 3635 831 3684 Versus
843 3638 875 3685 95
891 3636 930 3684 hic
946 3646 994 3684 est:
1012 3637 1050 3684 Et
1067 3640 1182 3702 tragicus
1192 3641 1245 3703 ple-

220 3743 251 3776 su
262 3726 372 3792 perfeeto
388 3722 491 3788 (Servius
505 3719 605 3784 Tullius)
619 3721 714 3782 edixit,
748 3737 848 3785 rumque
861 3723 926 3770 delet
937 3737 1045 3770 sermone
1057 3724 1171 3786 pedestri
1175 3746 1185 3784 ,·
1202 3724 1245 3773 ubi

220 3821 252 3861 ut
265 3828 344 3860 munes
360 3812 427 3859 cives
442 3808 561 3869 Ronmui,
575 3807 717 3870 equitespe·
749 3824 823 3873 sermo
835 3807 950 3871 pedester
967 3817 1002 3855 est
1019 3811 1136 3871 comicus,
1153 3812 1245 3876 opposi-

220 3901 344 3963 ditesque,
361 3900 390 3946 in
405 3898 461 3946 suis
477 3895 578 3958 quisque
593 3893 715 3941 emturir's
748 3903 786 3941 tus
803 3894 907 3958 tragico.
925 3892 1149 3957 strennuitas,
1165 3897 1244 3958 Offen-

221 3986 252 4032 in
273 4001 356 4049 compe
373 3984 470 4032 Martie
480 3983 566 4046 primu
582 3982 634 4028 lime
649 3979 716 4027 odes·
749 3980 842 4027 dicutur
865 3982 931 4027 euim
954 3981 1042 4044 quibus
1066 3988 1104 4029 est
1125 3997 1199 4044 equas
1219 3989 1245 4027 et

222 4079 285 4120 seut.
304 4072 344 4119 lbi
356 4073 506 4119 iustrrrotum
519 4068 654 4116 euerritum
670 4082 716 4112 em·
745 4073 820 4128 pater
836 4073 861 4114 et
874 4082 927 4127 res,
944 4066 1014 4132 plane
1031 4069 1165 4126 confirmat,
1182 4067 1245 4130 quod
