<?xml version="1.0" encoding="UTF-8"?>
<!DOCTYPE html PUBLIC "-//W3C//DTD XHTML 1.0 Transitional//EN"
    "http://www.w3.org/TR/xhtml1/DTD/xhtml1-transitional.dtd">
<html xmlns="http://www.w3.org/1999/xhtml" xml:lang="en" lang="en">
 <head>
  <title>
</title>
<meta http-equiv="Content-Type" content="text/html;charset=utf-8" />
  <meta name='ocr-system' content='tesseract 3.04.00' />
  <meta name='ocr-capabilities' content='ocr_page ocr_carea ocr_par ocr_line ocrx_word'/>
</head>
<body>
  <div class='ocr_page' id='page_1' title='image "./qhoratiiflaccie01horagoog_0144.png"; bbox 0 0 2752 4844; ppageno 0'>
   <div class='ocr_carea' id='block_1_1' title="bbox 512 366 1178 430">
    <p class='ocr_par' dir='ltr' id='par_1_1' title="bbox 512 366 1178 430">
     <span class='ocr_line' id='line_1_1' title="bbox 512 366 1178 430; baseline -0.005 0"><span class='ocrx_word' id='word_1_1' title='bbox 512 370 572 430; x_wconf 76' lang='lat' dir='ltr'>At)</span> <span class='ocrx_word' id='word_1_2' title='bbox 602 369 822 430; x_wconf 78' lang='lat' dir='ltr'>tlsuttus.</span> <span class='ocrx_word' id='word_1_3' title='bbox 1120 366 1178 428; x_wconf 79' lang='lat'>135</span> 
     </span>
    </p>
   </div>
   <div class='ocr_carea' id='block_1_2' title="bbox 183 569 1224 1378">
    <p class='ocr_par' dir='ltr' id='par_1_2' title="bbox 183 569 1155 1021">
     <span class='ocr_line' id='line_1_2' title="bbox 185 569 1142 667; baseline 0.001 -30"><span class='ocrx_word' id='word_1_4' title='bbox 185 569 231 638; x_wconf 90' lang='lat' dir='ltr'>Ut</span> <span class='ocrx_word' id='word_1_5' title='bbox 251 571 404 665; x_wconf 76' lang='lat' dir='ltr'>pictura,</span> <span class='ocrx_word' id='word_1_6' title='bbox 430 573 561 667; x_wconf 77' lang='lat' dir='ltr'>poesis:</span> <span class='ocrx_word' id='word_1_7' title='bbox 584 572 668 659; x_wconf 87' lang='lat' dir='ltr'>erit,</span> <span class='ocrx_word' id='word_1_8' title='bbox 693 594 798 664; x_wconf 89' lang='lat' dir='ltr'>quac,</span> <span class='ocrx_word' id='word_1_9' title='bbox 824 571 851 639; x_wconf 83' lang='lat' dir='ltr'>si</span> <span class='ocrx_word' id='word_1_10' title='bbox 877 571 1018 664; x_wconf 82' lang='lat' dir='ltr'>propius</span> <span class='ocrx_word' id='word_1_11' title='bbox 1042 575 1142 666; x_wconf 80' lang='lat' dir='ltr'>ates,</span> 
     </span>
     <span class='ocr_line' id='line_1_3' title="bbox 185 686 1155 785; baseline 0.004 -28"><span class='ocrx_word' id='word_1_12' title='bbox 185 688 232 758; x_wconf 86' lang='lat' dir='ltr'>Te</span> <span class='ocrx_word' id='word_1_13' title='bbox 256 690 366 784; x_wconf 88' lang='lat' dir='ltr'>capiat</span> <span class='ocrx_word' id='word_1_14' title='bbox 387 691 511 783; x_wconf 80' lang='lat' dir='ltr'>magia,</span> <span class='ocrx_word' id='word_1_15' title='bbox 536 698 571 760; x_wconf 89' lang='lat' dir='ltr'>et</span> <span class='ocrx_word' id='word_1_16' title='bbox 599 689 785 783; x_wconf 85' lang='lat' dir='ltr'>quaedam,</span> <span class='ocrx_word' id='word_1_17' title='bbox 811 690 837 758; x_wconf 82' lang='lat' dir='ltr'>si</span> <span class='ocrx_word' id='word_1_18' title='bbox 864 688 1005 785; x_wconf 23' lang='lat' dir='ltr'>longius·</span> <span class='ocrx_word' id='word_1_19' title='bbox 1023 686 1155 760; x_wconf 68' lang='lat' dir='ltr'>adatcar</span> 
     </span>
     <span class='ocr_line' id='line_1_4' title="bbox 184 797 1155 895; baseline -0.003 -19"><span class='ocrx_word' id='word_1_20' title='bbox 184 806 276 878; x_wconf 87' lang='lat' dir='ltr'>Haec</span> <span class='ocrx_word' id='word_1_21' title='bbox 293 817 383 877; x_wconf 82' lang='lat' dir='ltr'>arnat</span> <span class='ocrx_word' id='word_1_22' title='bbox 405 807 609 895; x_wconf 67' lang='lat' dir='ltr'>obscurum</span> <span class='ocrx_word' id='word_1_23' title='bbox 634 797 726 879; x_wconf 83' lang='lat' dir='ltr'>volet</span> <span class='ocrx_word' id='word_1_24' title='bbox 748 808 830 878; x_wconf 84' lang='lat' dir='ltr'>hacc</span> <span class='ocrx_word' id='word_1_25' title='bbox 852 806 917 877; x_wconf 82' lang='lat' dir='ltr'>sub</span> <span class='ocrx_word' id='word_1_26' title='bbox 930 807 1006 877; x_wconf 91' lang='lat' dir='ltr'>luce</span> <span class='ocrx_word' id='word_1_27' title='bbox 1026 804 1155 894; x_wconf 78' lang='lat' dir='ltr'>videri„</span> 
     </span>
     <span class='ocr_line' id='line_1_5' title="bbox 183 924 1054 1021; baseline 0 -27"><span class='ocrx_word' id='word_1_28' title='bbox 183 924 306 994; x_wconf 80' lang='lat' dir='ltr'>Iudicis</span> <span class='ocrx_word' id='word_1_29' title='bbox 327 936 485 1020; x_wconf 81' lang='lat' dir='ltr'>argutum</span> <span class='ocrx_word' id='word_1_30' title='bbox 509 950 597 1021; x_wconf 86' lang='lat' dir='ltr'>quac</span> <span class='ocrx_word' id='word_1_31' title='bbox 620 950 690 996; x_wconf 91' lang='lat' dir='ltr'>non</span> <span class='ocrx_word' id='word_1_32' title='bbox 711 925 872 996; x_wconf 82' lang='lat' dir='ltr'><strong>formidat</strong></span> <span class='ocrx_word' id='word_1_33' title='bbox 894 949 1054 1011; x_wconf 76' lang='lat' dir='ltr'>acumcn3</span> 
     </span>
    </p>

    <p class='ocr_par' dir='ltr' id='par_1_3' title="bbox 183 1026 1224 1258">
     <span class='ocr_line' id='line_1_6' title="bbox 184 1026 1224 1139; baseline 0.003 -27"><span class='ocrx_word' id='word_1_34' title='bbox 184 1040 275 1113; x_wconf 82' lang='lat' dir='ltr'>Haec</span> <span class='ocrx_word' id='word_1_35' title='bbox 296 1045 426 1138; x_wconf 82' lang='lat' dir='ltr'>placuit</span> <span class='ocrx_word' id='word_1_36' title='bbox 446 1044 567 1135; x_wconf 78' lang='lat' dir='ltr'>semel,</span> <span class='ocrx_word' id='word_1_37' title='bbox 590 1043 673 1115; x_wconf 89' lang='lat' dir='ltr'>hacc</span> <span class='ocrx_word' id='word_1_38' title='bbox 697 1043 807 1115; x_wconf 84' lang='lat' dir='ltr'>decies</span> <span class='ocrx_word' id='word_1_39' title='bbox 827 1045 968 1139; x_wconf 83' lang='lat' dir='ltr'>repetita</span> <span class='ocrx_word' id='word_1_40' title='bbox 988 1041 1153 1138; x_wconf 78' lang='lat' dir='ltr'>placebit..</span> <span class='ocrx_word' id='word_1_41' title='bbox 1222 1026 1224 1031; x_wconf 33' lang='lat'><strong>¹</strong></span> 
     </span>
     <span class='ocr_line' id='line_1_7' title="bbox 183 1160 1036 1258; baseline -0.001 -27"><span class='ocrx_word' id='word_1_42' title='bbox 183 1160 336 1232; x_wconf 87' lang='lat' dir='ltr'>Omaior</span> <span class='ocrx_word' id='word_1_43' title='bbox 355 1163 534 1234; x_wconf 83' lang='lat' dir='ltr'>iuvenum!</span> <span class='ocrx_word' id='word_1_44' title='bbox 560 1164 715 1258; x_wconf 78' lang='lat' dir='ltr'>quamvis</span> <span class='ocrx_word' id='word_1_45' title='bbox 737 1173 771 1232; x_wconf 87' lang='lat' dir='ltr'>et</span> <span class='ocrx_word' id='word_1_46' title='bbox 794 1186 876 1233; x_wconf 82' lang='lat' dir='ltr'>voce</span> <span class='ocrx_word' id='word_1_47' title='bbox 896 1170 1036 1257; x_wconf 87' lang='lat' dir='ltr'>paterna</span> 
     </span>
    </p>

    <p class='ocr_par' dir='ltr' id='par_1_4' title="bbox 183 1278 1146 1378">
     <span class='ocr_line' id='line_1_8' title="bbox 183 1278 1146 1378; baseline 0.001 -30"><span class='ocrx_word' id='word_1_48' title='bbox 183 1278 331 1374; x_wconf 80' lang='lat' dir='ltr'>Fingeris</span> <span class='ocrx_word' id='word_1_49' title='bbox 347 1280 390 1351; x_wconf 93' lang='lat' dir='ltr'>ad</span> <span class='ocrx_word' id='word_1_50' title='bbox 402 1290 535 1352; x_wconf 84' lang='lat' dir='ltr'>rectum</span> <span class='ocrx_word' id='word_1_51' title='bbox 549 1289 584 1352; x_wconf 91' lang='lat' dir='ltr'>et</span> <span class='ocrx_word' id='word_1_52' title='bbox 599 1305 661 1376; x_wconf 82' lang='lat' dir='ltr'>par</span> <span class='ocrx_word' id='word_1_53' title='bbox 672 1289 706 1352; x_wconf 86' lang='lat' dir='ltr'>tc</span> <span class='ocrx_word' id='word_1_54' title='bbox 727 1281 815 1378; x_wconf 78' lang='lat' dir='ltr'>capis</span> <span class='ocrx_word' id='word_1_55' title='bbox 824 1333 834 1372; x_wconf 95' lang='lat'>,</span> <span class='ocrx_word' id='word_1_56' title='bbox 853 1280 919 1351; x_wconf 93' lang='lat' dir='ltr'>hoc</span> <span class='ocrx_word' id='word_1_57' title='bbox 936 1279 999 1350; x_wconf 91' lang='lat' dir='ltr'>tibi</span> <span class='ocrx_word' id='word_1_58' title='bbox 1016 1279 1146 1350; x_wconf 89' lang='lat' dir='ltr'>dictum</span> 
     </span>
    </p>
   </div>
   <div class='ocr_carea' id='block_1_3' title="bbox 144 1481 1185 4121">
    <p class='ocr_par' dir='ltr' id='par_1_5' title="bbox 149 1481 1184 1636">
     <span class='ocr_line' id='line_1_9' title="bbox 149 1481 1184 1550; baseline -0.003 -17"><span class='ocrx_word' id='word_1_59' title='bbox 149 1481 203 1545; x_wconf 88' lang='lat' dir='ltr'>illi,</span> <span class='ocrx_word' id='word_1_60' title='bbox 221 1483 469 1548; x_wconf 66' lang='lat' dir='ltr'>servatosquaadoqua</span> <span class='ocrx_word' id='word_1_61' title='bbox 485 1484 524 1534; x_wconf 83' lang='lat' dir='ltr'>vel</span> <span class='ocrx_word' id='word_1_62' title='bbox 540 1484 648 1550; x_wconf 59' lang='lat' dir='ltr'>worado,</span> <span class='ocrx_word' id='word_1_63' title='bbox 681 1485 770 1534; x_wconf 85' lang='lat' dir='ltr'>oratio.</span> <span class='ocrx_word' id='word_1_64' title='bbox 787 1483 867 1534; x_wconf 74' lang='lat' dir='ltr'>(icero</span> <span class='ocrx_word' id='word_1_65' title='bbox 881 1481 978 1532; x_wconf 86' lang='lat' dir='ltr'>volebat</span> <span class='ocrx_word' id='word_1_66' title='bbox 990 1483 1133 1545; x_wconf 83' lang='lat' dir='ltr'>Pacuvium,</span> <span class='ocrx_word' id='word_1_67' title='bbox 1150 1498 1184 1530; x_wconf 76' lang='lat' dir='ltr'>ex</span> 
     </span>
     <span class='ocr_line' id='line_1_10' title="bbox 151 1557 1049 1636; baseline 0.002 -20"><span class='ocrx_word' id='word_1_68' title='bbox 151 1568 231 1616; x_wconf 76' lang='lat' dir='ltr'>tacere</span> <span class='ocrx_word' id='word_1_69' title='bbox 246 1585 294 1617; x_wconf 92' lang='lat' dir='ltr'>non</span> <span class='ocrx_word' id='word_1_70' title='bbox 310 1579 449 1634; x_wconf 89' lang='lat' dir='ltr'>potuerunt.</span> <span class='ocrx_word' id='word_1_71' title='bbox 482 1557 560 1636; x_wconf 79' lang='lat' dir='ltr'>igitur¹</span> <span class='ocrx_word' id='word_1_72' title='bbox 573 1579 650 1619; x_wconf 89' lang='lat' dir='ltr'>muta·</span> <span class='ocrx_word' id='word_1_73' title='bbox 681 1586 728 1636; x_wconf 78' lang='lat' dir='ltr'>quo</span> <span class='ocrx_word' id='word_1_74' title='bbox 744 1567 817 1619; x_wconf 83' lang='lat' dir='ltr'>verba</span> <span class='ocrx_word' id='word_1_75' title='bbox 832 1569 876 1619; x_wconf 91' lang='lat' dir='ltr'>illa</span> <span class='ocrx_word' id='word_1_76' title='bbox 891 1579 947 1618; x_wconf 88' lang='lat' dir='ltr'>sunt</span> <span class='ocrx_word' id='word_1_77' title='bbox 963 1571 1049 1634; x_wconf 81' lang='lat' dir='ltr'>petita.</span> 
     </span>
    </p>

    <p class='ocr_par' dir='ltr' id='par_1_6' title="bbox 144 1654 1185 3862">
     <span class='ocr_line' id='line_1_11' title="bbox 148 1654 1178 1723; baseline 0.001 -21"><span class='ocrx_word' id='word_1_78' title='bbox 148 1663 205 1702; x_wconf 88' lang='lat' dir='ltr'>runt</span> <span class='ocrx_word' id='word_1_79' title='bbox 221 1656 248 1704; x_wconf 87' lang='lat' dir='ltr'>in</span> <span class='ocrx_word' id='word_1_80' title='bbox 264 1654 403 1723; x_wconf 49' lang='lat' dir='ltr'>interdum,</span> <span class='ocrx_word' id='word_1_81' title='bbox 420 1657 469 1704; x_wconf 88' lang='lat' dir='ltr'>lam</span> <span class='ocrx_word' id='word_1_82' title='bbox 490 1656 650 1720; x_wconf 78' lang='lat' dir='ltr'>Quintilianus</span> <span class='ocrx_word' id='word_1_83' title='bbox 717 1656 749 1703; x_wconf 80' lang='lat' dir='ltr'>lst</span> <span class='ocrx_word' id='word_1_84' title='bbox 764 1656 883 1720; x_wconf 78' lang='lat' dir='ltr'>pictura,</span> <span class='ocrx_word' id='word_1_85' title='bbox 900 1655 1000 1718; x_wconf 75' lang='lat' dir='ltr'>poesia:</span> <span class='ocrx_word' id='word_1_86' title='bbox 1016 1655 1084 1717; x_wconf 76' lang='lat' dir='ltr'>erit,</span> <span class='ocrx_word' id='word_1_87' title='bbox 1100 1668 1178 1718; x_wconf 79' lang='lat' dir='ltr'>quoe,</span> 
     </span>
     <span class='ocr_line' id='line_1_12' title="bbox 148 1739 1185 1805; baseline -0.004 -16"><span class='ocrx_word' id='word_1_88' title='bbox 148 1739 226 1789; x_wconf 75' lang='lat' dir='ltr'>instit.</span> <span class='ocrx_word' id='word_1_89' title='bbox 243 1739 280 1789; x_wconf 85' lang='lat' dir='ltr'>Or.</span> <span class='ocrx_word' id='word_1_90' title='bbox 300 1741 337 1804; x_wconf 88' lang='lat' dir='ltr'>X,</span> <span class='ocrx_word' id='word_1_91' title='bbox 354 1743 377 1790; x_wconf 90' lang='lat'>1.</span> <span class='ocrx_word' id='word_1_92' title='bbox 399 1742 466 1790; x_wconf 85' lang='lat' dir='ltr'>Nam</span> <span class='ocrx_word' id='word_1_93' title='bbox 483 1750 509 1790; x_wconf 83' lang='lat' dir='ltr'>et</span> <span class='ocrx_word' id='word_1_94' title='bbox 530 1743 646 1790; x_wconf 80' lang='lat' dir='ltr'>labuntur</span> <span class='ocrx_word' id='word_1_95' title='bbox 677 1742 703 1789; x_wconf 84' lang='lat' dir='ltr'>ai</span> <span class='ocrx_word' id='word_1_96' title='bbox 716 1743 834 1805; x_wconf 79' lang='lat' dir='ltr'>proprius</span> <span class='ocrx_word' id='word_1_97' title='bbox 849 1747 917 1803; x_wconf 83' lang='lat' dir='ltr'>stes,</span> <span class='ocrx_word' id='word_1_98' title='bbox 933 1742 968 1788; x_wconf 77' lang='lat' dir='ltr'>Ta</span> <span class='ocrx_word' id='word_1_99' title='bbox 980 1740 1066 1804; x_wconf 82' lang='lat' dir='ltr'>capiat</span> <span class='ocrx_word' id='word_1_100' title='bbox 1080 1739 1185 1804; x_wconf 78' lang='lat' dir='ltr'>arrugia,</span> 
     </span>
     <span class='ocr_line' id='line_1_13' title="bbox 147 1824 1178 1891; baseline -0.002 -18"><span class='ocrx_word' id='word_1_101' title='bbox 147 1826 279 1889; x_wconf 78' lang='lat' dir='ltr'>aliquanda</span> <span class='ocrx_word' id='word_1_102' title='bbox 291 1833 318 1874; x_wconf 85' lang='lat' dir='ltr'>et</span> <span class='ocrx_word' id='word_1_103' title='bbox 327 1829 396 1875; x_wconf 79' lang='lat' dir='ltr'>oncri</span> <span class='ocrx_word' id='word_1_104' title='bbox 405 1828 507 1891; x_wconf 82' lang='lat' dir='ltr'>cedunt,</span> <span class='ocrx_word' id='word_1_105' title='bbox 525 1834 552 1876; x_wconf 85' lang='lat' dir='ltr'>et</span> <span class='ocrx_word' id='word_1_106' title='bbox 564 1828 647 1876; x_wconf 77' lang='lat' dir='ltr'>indul·</span> <span class='ocrx_word' id='word_1_107' title='bbox 678 1834 705 1875; x_wconf 84' lang='lat' dir='ltr'>at</span> <span class='ocrx_word' id='word_1_108' title='bbox 721 1826 851 1890; x_wconf 84' lang='lat' dir='ltr'>quaedam,</span> <span class='ocrx_word' id='word_1_109' title='bbox 868 1825 894 1873; x_wconf 82' lang='lat' dir='ltr'>si</span> <span class='ocrx_word' id='word_1_110' title='bbox 907 1826 1007 1891; x_wconf 68' lang='lat' dir='ltr'>largius</span> <span class='ocrx_word' id='word_1_111' title='bbox 1022 1824 1114 1872; x_wconf 82' lang='lat' dir='ltr'>adstes.</span> <span class='ocrx_word' id='word_1_112' title='bbox 1128 1824 1178 1872; x_wconf 81' lang='lat' dir='ltr'>Pri-</span> 
     </span>
     <span class='ocr_line' id='line_1_14' title="bbox 144 1908 1179 1978; baseline -0.003 -19"><span class='ocrx_word' id='word_1_113' title='bbox 144 1918 209 1975; x_wconf 81' lang='lat' dir='ltr'>gcut</span> <span class='ocrx_word' id='word_1_114' title='bbox 220 1912 379 1976; x_wconf 75' lang='lat' dir='ltr'>ingeniorum</span> <span class='ocrx_word' id='word_1_115' title='bbox 393 1929 493 1962; x_wconf 82' lang='lat' dir='ltr'>auorum</span> <span class='ocrx_word' id='word_1_116' title='bbox 505 1914 645 1978; x_wconf 80' lang='lat' dir='ltr'>uoluptati:</span> <span class='ocrx_word' id='word_1_117' title='bbox 677 1929 741 1961; x_wconf 86' lang='lat' dir='ltr'>mum</span> <span class='ocrx_word' id='word_1_118' title='bbox 757 1913 804 1960; x_wconf 85' lang='lat' dir='ltr'>ista</span> <span class='ocrx_word' id='word_1_119' title='bbox 816 1910 899 1978; x_wconf 84' lang='lat' dir='ltr'>paullo</span> <span class='ocrx_word' id='word_1_120' title='bbox 913 1910 1000 1960; x_wconf 84' lang='lat' dir='ltr'>melius</span> <span class='ocrx_word' id='word_1_121' title='bbox 1013 1909 1125 1959; x_wconf 81' lang='lat' dir='ltr'>distinxi:</span> <span class='ocrx_word' id='word_1_122' title='bbox 1144 1908 1179 1957; x_wconf 83' lang='lat' dir='ltr'>&#39;Ut</span> 
     </span>
     <span class='ocr_line' id='line_1_15' title="bbox 148 1994 1181 2064; baseline -0.002 -20"><span class='ocrx_word' id='word_1_123' title='bbox 148 2011 192 2044; x_wconf 83' lang='lat' dir='ltr'>aaa</span> <span class='ocrx_word' id='word_1_124' title='bbox 206 2012 301 2061; x_wconf 74' lang='lat' dir='ltr'>semper</span> <span class='ocrx_word' id='word_1_125' title='bbox 320 1999 456 2047; x_wconf 76' lang='lat' dir='ltr'>intendunt</span> <span class='ocrx_word' id='word_1_126' title='bbox 473 2000 596 2063; x_wconf 79' lang='lat' dir='ltr'>animum,</span> <span class='ocrx_word' id='word_1_127' title='bbox 620 2004 647 2047; x_wconf 82' lang='lat' dir='ltr'>ct</span> <span class='ocrx_word' id='word_1_128' title='bbox 673 1999 792 2064; x_wconf 81' lang='lat' dir='ltr'>pictura,</span> <span class='ocrx_word' id='word_1_129' title='bbox 804 1997 908 2062; x_wconf 82' lang='lat' dir='ltr'>poesis:</span> <span class='ocrx_word' id='word_1_130' title='bbox 931 2013 993 2064; x_wconf 83' lang='lat' dir='ltr'>quae</span> <span class='ocrx_word' id='word_1_131' title='bbox 1011 1996 1073 2044; x_wconf 86' lang='lat' dir='ltr'>ratio</span> <span class='ocrx_word' id='word_1_132' title='bbox 1089 2004 1126 2044; x_wconf 86' lang='lat' dir='ltr'>est</span> <span class='ocrx_word' id='word_1_133' title='bbox 1142 1994 1181 2060; x_wconf 88' lang='lat' dir='ltr'>pi-</span> 
     </span>
     <span class='ocr_line' id='line_1_16' title="bbox 146 2078 1179 2150; baseline -0.003 -20"><span class='ocrx_word' id='word_1_134' title='bbox 146 2097 317 2147; x_wconf 70' lang='lat' dir='ltr'>nonuunquam</span> <span class='ocrx_word' id='word_1_135' title='bbox 335 2084 502 2150; x_wconf 77' lang='lat' dir='ltr'>fatigantur,</span> <span class='ocrx_word' id='word_1_136' title='bbox 525 2101 580 2134; x_wconf 86' lang='lat' dir='ltr'>cum</span> <span class='ocrx_word' id='word_1_137' title='bbox 604 2084 647 2133; x_wconf 82' lang='lat' dir='ltr'>Ci-</span> <span class='ocrx_word' id='word_1_138' title='bbox 678 2094 777 2146; x_wconf 85' lang='lat' dir='ltr'>ctnrae,</span> <span class='ocrx_word' id='word_1_139' title='bbox 795 2082 877 2132; x_wconf 87' lang='lat' dir='ltr'>eadem</span> <span class='ocrx_word' id='word_1_140' title='bbox 894 2090 929 2131; x_wconf 87' lang='lat' dir='ltr'>est</span> <span class='ocrx_word' id='word_1_141' title='bbox 944 2098 1049 2148; x_wconf 85' lang='lat' dir='ltr'>poeseos.</span> <span class='ocrx_word' id='word_1_142' title='bbox 1073 2078 1179 2142; x_wconf 87' lang='lat' dir='ltr'>Deinde,</span> 
     </span>
     <span class='ocr_line' id='line_1_17' title="bbox 146 2166 1181 2234; baseline 0.001 -18"><span class='ocrx_word' id='word_1_143' title='bbox 146 2170 230 2216; x_wconf 81' lang='lat' dir='ltr'>aaroni</span> <span class='ocrx_word' id='word_1_144' title='bbox 241 2169 376 2217; x_wconf 78' lang='lat' dir='ltr'>dormitura</span> <span class='ocrx_word' id='word_1_145' title='bbox 387 2172 493 2217; x_wconf 79' lang='lat' dir='ltr'>iuterim</span> <span class='ocrx_word' id='word_1_146' title='bbox 504 2171 646 2218; x_wconf 79' lang='lat' dir='ltr'>Demosthe·</span> <span class='ocrx_word' id='word_1_147' title='bbox 677 2186 720 2234; x_wconf 88' lang='lat' dir='ltr'>pro</span> <span class='ocrx_word' id='word_1_148' title='bbox 731 2177 757 2217; x_wconf 87' lang='lat' dir='ltr'>at</span> <span class='ocrx_word' id='word_1_149' title='bbox 765 2169 895 2232; x_wconf 78' lang='lat' dir='ltr'>quaedam,</span> <span class='ocrx_word' id='word_1_150' title='bbox 912 2167 993 2215; x_wconf 86' lang='lat' dir='ltr'>malim</span> <span class='ocrx_word' id='word_1_151' title='bbox 1009 2174 1039 2215; x_wconf 91' lang='lat' dir='ltr'>at</span> <span class='ocrx_word' id='word_1_152' title='bbox 1051 2166 1181 2230; x_wconf 79' lang='lat' dir='ltr'>quaedam..</span> 
     </span>
     <span class='ocr_line' id='line_1_18' title="bbox 146 2251 1178 2317; baseline -0.004 -15"><span class='ocrx_word' id='word_1_153' title='bbox 146 2268 204 2316; x_wconf 75' lang='lat' dir='ltr'>aas,</span> <span class='ocrx_word' id='word_1_154' title='bbox 223 2254 330 2301; x_wconf 78' lang='lat' dir='ltr'>Horatio</span> <span class='ocrx_word' id='word_1_155' title='bbox 350 2269 407 2302; x_wconf 83' lang='lat' dir='ltr'>vcro</span> <span class='ocrx_word' id='word_1_156' title='bbox 428 2256 507 2303; x_wconf 82' lang='lat' dir='ltr'>etium</span> <span class='ocrx_word' id='word_1_157' title='bbox 524 2255 646 2302; x_wconf 59' lang='lat' dir='ltr'>Horace-us</span> <span class='ocrx_word' id='word_1_158' title='bbox 677 2254 705 2301; x_wconf 89' lang='lat' dir='ltr'>ln</span> <span class='ocrx_word' id='word_1_159' title='bbox 720 2253 804 2302; x_wconf 80' lang='lat' dir='ltr'>adstes</span> <span class='ocrx_word' id='word_1_160' title='bbox 819 2252 912 2301; x_wconf 87' lang='lat' dir='ltr'>variant</span> <span class='ocrx_word' id='word_1_161' title='bbox 927 2251 989 2301; x_wconf 83' lang='lat' dir='ltr'>MSS.</span> <span class='ocrx_word' id='word_1_162' title='bbox 1006 2268 1106 2317; x_wconf 82' lang='lat' dir='ltr'>quamn</span> <span class='ocrx_word' id='word_1_163' title='bbox 1118 2268 1178 2299; x_wconf 89' lang='lat' dir='ltr'>non-</span> 
     </span>
     <span class='ocr_line' id='line_1_19' title="bbox 146 2335 1177 2405; baseline -0.003 -18"><span class='ocrx_word' id='word_1_164' title='bbox 146 2341 201 2404; x_wconf 83' lang='lat' dir='ltr'>ipsa</span> <span class='ocrx_word' id='word_1_165' title='bbox 214 2339 336 2388; x_wconf 76' lang='lat' dir='ltr'>viduatur.</span> <span class='ocrx_word' id='word_1_166' title='bbox 354 2339 399 2388; x_wconf 83' lang='lat' dir='ltr'>Ubi</span> <span class='ocrx_word' id='word_1_167' title='bbox 413 2340 648 2405; x_wconf 81' lang='lat' dir='ltr'>iatcrimsignificut</span> <span class='ocrx_word' id='word_1_168' title='bbox 668 2338 748 2387; x_wconf 65' lang='lat' dir='ltr'>,nulla</span> <span class='ocrx_word' id='word_1_169' title='bbox 769 2337 860 2387; x_wconf 82' lang='lat' dir='ltr'>habent</span> <span class='ocrx_word' id='word_1_170' title='bbox 883 2338 974 2386; x_wconf 71' lang='lat' dir='ltr'>uiatea</span> <span class='ocrx_word' id='word_1_171' title='bbox 998 2335 1044 2384; x_wconf 86' lang='lat' dir='ltr'>Sed</span> <span class='ocrx_word' id='word_1_172' title='bbox 1065 2345 1091 2385; x_wconf 86' lang='lat' dir='ltr'>et</span> <span class='ocrx_word' id='word_1_173' title='bbox 1110 2344 1177 2384; x_wconf 86' lang='lat' dir='ltr'>recte</span> 
     </span>
     <span class='ocr_line' id='line_1_20' title="bbox 145 2422 1177 2488; baseline -0.001 -17"><span class='ocrx_word' id='word_1_174' title='bbox 145 2425 285 2488; x_wconf 78' lang='lat' dir='ltr'>interdum,</span> <span class='ocrx_word' id='word_1_175' title='bbox 302 2434 331 2472; x_wconf 88' lang='lat' dir='ltr'>ut</span> <span class='ocrx_word' id='word_1_176' title='bbox 346 2425 447 2488; x_wconf 82' lang='lat' dir='ltr'>Quintil.</span> <span class='ocrx_word' id='word_1_177' title='bbox 462 2435 487 2474; x_wconf 87' lang='lat' dir='ltr'>et</span> <span class='ocrx_word' id='word_1_178' title='bbox 501 2425 555 2474; x_wconf 89' lang='lat' dir='ltr'>aliis</span> <span class='ocrx_word' id='word_1_179' title='bbox 570 2424 645 2473; x_wconf 88' lang='lat' dir='ltr'>inlo-</span> <span class='ocrx_word' id='word_1_180' title='bbox 675 2425 759 2473; x_wconf 87' lang='lat' dir='ltr'>Latine</span> <span class='ocrx_word' id='word_1_181' title='bbox 787 2423 876 2472; x_wconf 90' lang='lat' dir='ltr'>dicitur</span> <span class='ocrx_word' id='word_1_182' title='bbox 906 2424 976 2488; x_wconf 72' lang='lat' dir='ltr'>ionga</span> <span class='ocrx_word' id='word_1_183' title='bbox 999 2422 1117 2485; x_wconf 78' lang='lat' dir='ltr'>adstare,</span> <span class='ocrx_word' id='word_1_184' title='bbox 1147 2431 1177 2470; x_wconf 86' lang='lat' dir='ltr'>ut</span> 
     </span>
     <span class='ocr_line' id='line_1_21' title="bbox 146 2508 1178 2576; baseline -0.006 -16"><span class='ocrx_word' id='word_1_185' title='bbox 146 2512 180 2560; x_wconf 89' lang='lat' dir='ltr'>cis</span> <span class='ocrx_word' id='word_1_186' title='bbox 197 2511 290 2574; x_wconf 87' lang='lat' dir='ltr'>utitur,</span> <span class='ocrx_word' id='word_1_187' title='bbox 312 2527 335 2560; x_wconf 83' lang='lat' dir='ltr'>v.</span> <span class='ocrx_word' id='word_1_188' title='bbox 359 2527 380 2562; x_wconf 89' lang='lat' dir='ltr'>c.</span> <span class='ocrx_word' id='word_1_189' title='bbox 402 2511 459 2575; x_wconf 81' lang='grc' dir='ltr'>ΧΠ,</span> <span class='ocrx_word' id='word_1_190' title='bbox 482 2514 505 2560; x_wconf 90' lang='lat'>1.</span> <span class='ocrx_word' id='word_1_191' title='bbox 537 2513 644 2559; x_wconf 77' lang='lat' dir='ltr'>Transeo</span> <span class='ocrx_word' id='word_1_192' title='bbox 671 2525 749 2576; x_wconf 84' lang='lat' dir='ltr'>propa</span> <span class='ocrx_word' id='word_1_193' title='bbox 764 2510 855 2557; x_wconf 76' lang='lat' dir='ltr'>abesse,</span> <span class='ocrx_word' id='word_1_194' title='bbox 879 2509 957 2557; x_wconf 78' lang='lat' dir='ltr'>Minus</span> <span class='ocrx_word' id='word_1_195' title='bbox 977 2517 1058 2556; x_wconf 87' lang='lat' dir='ltr'>antem</span> <span class='ocrx_word' id='word_1_196' title='bbox 1077 2508 1178 2572; x_wconf 81' lang='lat' dir='ltr'>castiga-</span> 
     </span>
     <span class='ocr_line' id='line_1_22' title="bbox 145 2593 1177 2660; baseline -0.004 -14"><span class='ocrx_word' id='word_1_197' title='bbox 145 2597 216 2660; x_wconf 74' lang='lat' dir='ltr'>utor,</span> <span class='ocrx_word' id='word_1_198' title='bbox 234 2598 278 2660; x_wconf 82' lang='lat' dir='ltr'>qui</span> <span class='ocrx_word' id='word_1_199' title='bbox 300 2598 414 2646; x_wconf 78' lang='lat' dir='ltr'>Ciceroni</span> <span class='ocrx_word' id='word_1_200' title='bbox 433 2612 463 2646; x_wconf 85' lang='lat' dir='ltr'>aa</span> <span class='ocrx_word' id='word_1_201' title='bbox 483 2597 644 2646; x_wconf 79' lang='lat' dir='ltr'>Deoaostltcrti</span> <span class='ocrx_word' id='word_1_202' title='bbox 676 2605 728 2645; x_wconf 87' lang='lat' dir='ltr'>tum</span> <span class='ocrx_word' id='word_1_203' title='bbox 750 2605 786 2643; x_wconf 85' lang='lat' dir='ltr'>est</span> <span class='ocrx_word' id='word_1_204' title='bbox 804 2593 868 2644; x_wconf 90' lang='lat' dir='ltr'>illnd</span> <span class='ocrx_word' id='word_1_205' title='bbox 889 2597 915 2643; x_wconf 82' lang='lat' dir='ltr'>si</span> <span class='ocrx_word' id='word_1_206' title='bbox 926 2596 1034 2659; x_wconf 80' lang='lat' dir='ltr'>propius</span> <span class='ocrx_word' id='word_1_207' title='bbox 1057 2601 1124 2656; x_wconf 83' lang='lat' dir='ltr'>stas,</span> <span class='ocrx_word' id='word_1_208' title='bbox 1150 2595 1177 2642; x_wconf 82' lang='lat' dir='ltr'>si</span> 
     </span>
     <span class='ocr_line' id='line_1_23' title="bbox 145 2679 1180 2748; baseline -0.003 -17"><span class='ocrx_word' id='word_1_209' title='bbox 145 2699 176 2732; x_wconf 81' lang='lat' dir='ltr'>aa</span> <span class='ocrx_word' id='word_1_210' title='bbox 190 2684 221 2730; x_wconf 80' lang='lat' dir='ltr'>iu</span> <span class='ocrx_word' id='word_1_211' title='bbox 236 2684 375 2746; x_wconf 69' lang='lat' dir='ltr'>amqumtia</span> <span class='ocrx_word' id='word_1_212' title='bbox 396 2683 494 2748; x_wconf 81' lang='lat' dir='ltr'>quidam</span> <span class='ocrx_word' id='word_1_213' title='bbox 514 2684 582 2730; x_wconf 79' lang='lat' dir='ltr'>satis</span> <span class='ocrx_word' id='word_1_214' title='bbox 598 2683 646 2730; x_wconf 80' lang='lat' dir='ltr'>tri·</span> <span class='ocrx_word' id='word_1_215' title='bbox 678 2682 778 2746; x_wconf 72' lang='lat' dir='ltr'>largius</span> <span class='ocrx_word' id='word_1_216' title='bbox 789 2681 881 2729; x_wconf 81' lang='lat' dir='ltr'>adstes.</span> <span class='ocrx_word' id='word_1_217' title='bbox 898 2679 1139 2746; x_wconf 77' lang='lat' dir='ltr'>Requirebaturvel,</span> <span class='ocrx_word' id='word_1_218' title='bbox 1152 2679 1180 2728; x_wconf 80' lang='lat' dir='ltr'>si</span> 
     </span>
     <span class='ocr_line' id='line_1_24' title="bbox 146 2765 1176 2832; baseline -0.002 -16"><span class='ocrx_word' id='word_1_219' title='bbox 146 2769 236 2817; x_wconf 74' lang='lat' dir='ltr'>iuuat:</span> <span class='ocrx_word' id='word_1_220' title='bbox 253 2784 397 2832; x_wconf 77' lang='lat' dir='ltr'>quamquam</span> <span class='ocrx_word' id='word_1_221' title='bbox 417 2783 493 2831; x_wconf 80' lang='lat' dir='ltr'>aequa</span> <span class='ocrx_word' id='word_1_222' title='bbox 507 2769 562 2832; x_wconf 83' lang='lat' dir='ltr'>ipsi</span> <span class='ocrx_word' id='word_1_223' title='bbox 577 2769 645 2816; x_wconf 79' lang='lat' dir='ltr'>Cice-</span> <span class='ocrx_word' id='word_1_224' title='bbox 672 2768 778 2830; x_wconf 81' lang='lat' dir='ltr'>propius</span> <span class='ocrx_word' id='word_1_225' title='bbox 799 2766 895 2828; x_wconf 83' lang='lat' dir='ltr'>adstes,</span> <span class='ocrx_word' id='word_1_226' title='bbox 917 2766 1059 2830; x_wconf 73' lang='lat' dir='ltr'>tilingius</span> <span class='ocrx_word' id='word_1_227' title='bbox 1072 2765 1176 2828; x_wconf 77' lang='lat' dir='ltr'>adstas,</span> 
     </span>
     <span class='ocr_line' id='line_1_25' title="bbox 147 2851 1176 2917; baseline -0.003 -16"><span class='ocrx_word' id='word_1_228' title='bbox 147 2856 204 2902; x_wconf 79' lang='lat' dir='ltr'>rani</span> <span class='ocrx_word' id='word_1_229' title='bbox 228 2855 402 2902; x_wconf 73' lang='lat' dir='ltr'>Demattmes</span> <span class='ocrx_word' id='word_1_230' title='bbox 431 2854 547 2902; x_wconf 80' lang='lat' dir='ltr'>videatur</span> <span class='ocrx_word' id='word_1_231' title='bbox 578 2854 645 2902; x_wconf 84' lang='lat' dir='ltr'>satis</span> <span class='ocrx_word' id='word_1_232' title='bbox 676 2851 715 2901; x_wconf 84' lang='lat' dir='ltr'>vel</span> <span class='ocrx_word' id='word_1_233' title='bbox 728 2852 983 2917; x_wconf 81' lang='lat' dir='ltr'>sipropiusstes,si</span> <span class='ocrx_word' id='word_1_234' title='bbox 995 2851 1096 2915; x_wconf 79' lang='lat' dir='ltr'>langius</span> <span class='ocrx_word' id='word_1_235' title='bbox 1109 2857 1176 2913; x_wconf 83' lang='lat' dir='ltr'>stes,</span> 
     </span>
     <span class='ocr_line' id='line_1_26' title="bbox 149 2936 1175 3002; baseline -0.001 -16"><span class='ocrx_word' id='word_1_236' title='bbox 149 2952 202 2987; x_wconf 75' lang='lat' dir='ltr'>aare</span> <span class='ocrx_word' id='word_1_237' title='bbox 213 2938 353 3002; x_wconf 76' lang='lat' dir='ltr'>perfectus,</span> <span class='ocrx_word' id='word_1_238' title='bbox 370 2953 439 3002; x_wconf 78' lang='lat' dir='ltr'>quem</span> <span class='ocrx_word' id='word_1_239' title='bbox 455 2939 589 2987; x_wconf 82' lang='lat' dir='ltr'>dormitare</span> <span class='ocrx_word' id='word_1_240' title='bbox 603 2940 644 2986; x_wconf 82' lang='lat' dir='ltr'>irr-</span> <span class='ocrx_word' id='word_1_241' title='bbox 675 2937 715 2986; x_wconf 84' lang='lat' dir='ltr'>vel</span> <span class='ocrx_word' id='word_1_242' title='bbox 735 2938 762 2986; x_wconf 82' lang='lat' dir='ltr'>si</span> <span class='ocrx_word' id='word_1_243' title='bbox 780 2937 881 3002; x_wconf 80' lang='lat' dir='ltr'>lougius</span> <span class='ocrx_word' id='word_1_244' title='bbox 900 2936 998 2998; x_wconf 80' lang='lat' dir='ltr'>adstes,</span> <span class='ocrx_word' id='word_1_245' title='bbox 1019 2936 1046 2983; x_wconf 83' lang='lat' dir='ltr'>ai</span> <span class='ocrx_word' id='word_1_246' title='bbox 1058 2937 1175 3001; x_wconf 83' lang='lat' dir='ltr'>propius.</span> 
     </span>
     <span class='ocr_line' id='line_1_27' title="bbox 148 3021 1178 3088; baseline -0.002 -16"><span class='ocrx_word' id='word_1_247' title='bbox 148 3025 223 3072; x_wconf 79' lang='lat' dir='ltr'>turim</span> <span class='ocrx_word' id='word_1_248' title='bbox 234 3024 315 3084; x_wconf 85' lang='lat' dir='ltr'>dicit;</span> <span class='ocrx_word' id='word_1_249' title='bbox 331 3039 375 3071; x_wconf 82' lang='lat' dir='ltr'>uec</span> <span class='ocrx_word' id='word_1_250' title='bbox 393 3024 478 3072; x_wconf 82' lang='lat' dir='ltr'>Cicero</span> <span class='ocrx_word' id='word_1_251' title='bbox 492 3025 574 3072; x_wconf 85' lang='lat' dir='ltr'>Bruto</span> <span class='ocrx_word' id='word_1_252' title='bbox 591 3024 646 3072; x_wconf 80' lang='lat' dir='ltr'>Oai-</span> <span class='ocrx_word' id='word_1_253' title='bbox 677 3023 787 3073; x_wconf 84' lang='lat' dir='ltr'>Horatius</span> <span class='ocrx_word' id='word_1_254' title='bbox 801 3038 894 3071; x_wconf 86' lang='lat' dir='ltr'>versum</span> <span class='ocrx_word' id='word_1_255' title='bbox 906 3023 985 3071; x_wconf 85' lang='lat' dir='ltr'>facere</span> <span class='ocrx_word' id='word_1_256' title='bbox 998 3022 1116 3088; x_wconf 85' lang='lat' dir='ltr'>potuisset</span> <span class='ocrx_word' id='word_1_257' title='bbox 1129 3021 1178 3071; x_wconf 87' lang='lat' dir='ltr'>ele·</span> 
     </span>
     <span class='ocr_line' id='line_1_28' title="bbox 147 3107 1176 3181; baseline -0.002 -23"><span class='ocrx_word' id='word_1_258' title='bbox 147 3125 228 3174; x_wconf 79' lang='lat' dir='ltr'>uoqrca</span> <span class='ocrx_word' id='word_1_259' title='bbox 247 3108 292 3157; x_wconf 91' lang='lat' dir='ltr'>nbi</span> <span class='ocrx_word' id='word_1_260' title='bbox 305 3108 350 3158; x_wconf 87' lang='lat' dir='ltr'>illa</span> <span class='ocrx_word' id='word_1_261' title='bbox 367 3124 437 3173; x_wconf 83' lang='lat' dir='ltr'>quara</span> <span class='ocrx_word' id='word_1_262' title='bbox 454 3109 589 3158; x_wconf 84' lang='lat' dir='ltr'>dormitare</span> <span class='ocrx_word' id='word_1_263' title='bbox 603 3110 644 3157; x_wconf 81' lang='lat' dir='ltr'>iu·</span> <span class='ocrx_word' id='word_1_264' title='bbox 675 3110 820 3175; x_wconf 84' lang='lat' dir='ltr'>gantiorem:</span> <span class='ocrx_word' id='word_1_265' title='bbox 835 3116 864 3157; x_wconf 89' lang='lat' dir='ltr'>at</span> <span class='ocrx_word' id='word_1_266' title='bbox 875 3107 1006 3172; x_wconf 82' lang='lat' dir='ltr'>qrcacdam,</span> <span class='ocrx_word' id='word_1_267' title='bbox 1020 3109 1047 3156; x_wconf 84' lang='lat' dir='ltr'>ai</span> <span class='ocrx_word' id='word_1_268' title='bbox 1059 3109 1176 3181; x_wconf 50' lang='lat' dir='ltr'>longiae,</span> 
     </span>
     <span class='ocr_line' id='line_1_29' title="bbox 147 3194 1176 3260; baseline -0.004 -16"><span class='ocrx_word' id='word_1_269' title='bbox 147 3197 222 3245; x_wconf 74' lang='lat' dir='ltr'>terim</span> <span class='ocrx_word' id='word_1_270' title='bbox 240 3195 311 3244; x_wconf 72' lang='lat' dir='ltr'>dicit</span> <span class='ocrx_word' id='word_1_271' title='bbox 334 3194 435 3260; x_wconf 82' lang='lat' dir='ltr'>glossam</span> <span class='ocrx_word' id='word_1_272' title='bbox 455 3194 528 3244; x_wconf 84' lang='lat' dir='ltr'>olent.</span> <span class='ocrx_word' id='word_1_273' title='bbox 545 3194 646 3245; x_wconf 76' lang='lat' dir='ltr'>Observa</span> <span class='ocrx_word' id='word_1_274' title='bbox 677 3196 775 3243; x_wconf 77' lang='lat' dir='ltr'>umbrae</span> <span class='ocrx_word' id='word_1_275' title='bbox 791 3195 859 3242; x_wconf 76' lang='lat' dir='ltr'>Haec</span> <span class='ocrx_word' id='word_1_276' title='bbox 875 3201 944 3241; x_wconf 87' lang='lat' dir='ltr'>amat</span> <span class='ocrx_word' id='word_1_277' title='bbox 957 3194 1095 3256; x_wconf 74' lang='lat' dir='ltr'>circumiri,</span> <span class='ocrx_word' id='word_1_278' title='bbox 1110 3195 1176 3242; x_wconf 83' lang='lat' dir='ltr'>volat</span> 
     </span>
     <span class='ocr_line' id='line_1_30' title="bbox 145 3279 1176 3348; baseline -0.002 -18"><span class='ocrx_word' id='word_1_279' title='bbox 145 3298 215 3348; x_wconf 88' lang='lat' dir='ltr'>porro</span> <span class='ocrx_word' id='word_1_280' title='bbox 228 3283 254 3331; x_wconf 90' lang='lat' dir='ltr'>in</span> <span class='ocrx_word' id='word_1_281' title='bbox 271 3282 413 3348; x_wconf 86' lang='lat' dir='ltr'>Hieronymo</span> <span class='ocrx_word' id='word_1_282' title='bbox 431 3297 536 3347; x_wconf 77' lang='lat' dir='ltr'>rraagraua</span> <span class='ocrx_word' id='word_1_283' title='bbox 556 3282 645 3330; x_wconf 73' lang='lat' dir='ltr'>Isarae·</span> <span class='ocrx_word' id='word_1_284' title='bbox 676 3283 733 3329; x_wconf 79' lang='lat' dir='ltr'>hoec</span> <span class='ocrx_word' id='word_1_285' title='bbox 750 3281 793 3329; x_wconf 77' lang='lat' dir='ltr'>sub</span> <span class='ocrx_word' id='word_1_286' title='bbox 811 3281 864 3328; x_wconf 82' lang='lat' dir='ltr'>luce</span> <span class='ocrx_word' id='word_1_287' title='bbox 880 3279 970 3329; x_wconf 60' lang='lat' dir='ltr'>vidam</span> <span class='ocrx_word' id='word_1_288' title='bbox 993 3280 1022 3328; x_wconf 84' lang='lat' dir='ltr'>Et</span> <span class='ocrx_word' id='word_1_289' title='bbox 1038 3281 1092 3346; x_wconf 81' lang='lat' dir='ltr'>quis</span> <span class='ocrx_word' id='word_1_290' title='bbox 1107 3280 1176 3330; x_wconf 83' lang='lat' dir='ltr'>novit</span> 
     </span>
     <span class='ocr_line' id='line_1_31' title="bbox 146 3366 1175 3432; baseline -0.003 -15"><span class='ocrx_word' id='word_1_291' title='bbox 146 3383 203 3432; x_wconf 87' lang='lat' dir='ltr'>rus,</span> <span class='ocrx_word' id='word_1_292' title='bbox 217 3367 642 3432; x_wconf 80' lang='lat' dir='ltr'>ntinQuintilianoipsaIIomarus.</span> <span class='ocrx_word' id='word_1_293' title='bbox 675 3383 706 3414; x_wconf 92' lang='lat' dir='ltr'>an</span> <span class='ocrx_word' id='word_1_294' title='bbox 729 3366 814 3414; x_wconf 80' lang='lat' dir='ltr'>adstas</span> <span class='ocrx_word' id='word_1_295' title='bbox 834 3382 882 3414; x_wconf 89' lang='lat' dir='ltr'>nan</span> <span class='ocrx_word' id='word_1_296' title='bbox 906 3367 938 3414; x_wconf 87' lang='lat' dir='ltr'>sit</span> <span class='ocrx_word' id='word_1_297' title='bbox 962 3382 975 3415; x_wconf 86' lang='lat' dir='ltr'>e</span> <span class='ocrx_word' id='word_1_298' title='bbox 997 3366 1073 3432; x_wconf 83' lang='lat' dir='ltr'>glossa</span> <span class='ocrx_word' id='word_1_299' title='bbox 1094 3366 1175 3430; x_wconf 68' lang='lat' dir='ltr'>prosa</span> 
     </span>
     <span class='ocr_line' id='line_1_32' title="bbox 145 3448 1180 3517; baseline -0.006 -14"><span class='ocrx_word' id='word_1_300' title='bbox 145 3454 194 3503; x_wconf 88' lang='lat' dir='ltr'>lloc</span> <span class='ocrx_word' id='word_1_301' title='bbox 209 3471 257 3503; x_wconf 90' lang='lat' dir='ltr'>non</span> <span class='ocrx_word' id='word_1_302' title='bbox 273 3462 309 3502; x_wconf 85' lang='lat' dir='ltr'>est</span> <span class='ocrx_word' id='word_1_303' title='bbox 322 3453 435 3502; x_wconf 88' lang='lat' dir='ltr'>Homerus</span> <span class='ocrx_word' id='word_1_304' title='bbox 451 3454 538 3517; x_wconf 76' lang='lat' dir='ltr'>bouus,</span> <span class='ocrx_word' id='word_1_305' title='bbox 548 3451 591 3501; x_wconf 87' lang='lat' dir='ltr'>sed</span> <span class='ocrx_word' id='word_1_306' title='bbox 603 3469 644 3501; x_wconf 84' lang='lat' dir='ltr'>us-</span> <span class='ocrx_word' id='word_1_307' title='bbox 677 3452 759 3500; x_wconf 76' lang='lat' dir='ltr'>ctum?</span> <span class='ocrx_word' id='word_1_308' title='bbox 788 3451 814 3501; x_wconf 90' lang='lat' dir='ltr'>Si</span> <span class='ocrx_word' id='word_1_309' title='bbox 836 3450 946 3499; x_wconf 82' lang='lat' dir='ltr'>Horatius</span> <span class='ocrx_word' id='word_1_310' title='bbox 965 3453 1038 3500; x_wconf 83' lang='lat' dir='ltr'>etiam</span> <span class='ocrx_word' id='word_1_311' title='bbox 1061 3448 1180 3499; x_wconf 87' lang='lat' dir='ltr'>vocabulo</span> 
     </span>
     <span class='ocr_line' id='line_1_33' title="bbox 147 3532 1178 3606; baseline -0.008 -16"><span class='ocrx_word' id='word_1_312' title='bbox 147 3555 191 3604; x_wconf 77' lang='lat' dir='ltr'>qua</span> <span class='ocrx_word' id='word_1_313' title='bbox 202 3542 289 3603; x_wconf 76' lang='lat' dir='ltr'>bouus,</span> <span class='ocrx_word' id='word_1_314' title='bbox 308 3537 398 3606; x_wconf 78' lang='lat' dir='ltr'>ubique</span> <span class='ocrx_word' id='word_1_315' title='bbox 412 3548 437 3587; x_wconf 90' lang='lat' dir='ltr'>et</span> <span class='ocrx_word' id='word_1_316' title='bbox 454 3554 547 3604; x_wconf 83' lang='lat' dir='ltr'>semper</span> <span class='ocrx_word' id='word_1_317' title='bbox 558 3537 643 3587; x_wconf 73' lang='lat' dir='ltr'>bonus,</span> <span class='ocrx_word' id='word_1_318' title='bbox 677 3539 776 3602; x_wconf 74' lang='lat' dir='ltr'>longius</span> <span class='ocrx_word' id='word_1_319' title='bbox 797 3553 866 3586; x_wconf 87' lang='lat' dir='ltr'>sunm</span> <span class='ocrx_word' id='word_1_320' title='bbox 883 3535 983 3584; x_wconf 78' lang='lat' dir='ltr'>verbum</span> <span class='ocrx_word' id='word_1_321' title='bbox 1003 3533 1113 3598; x_wconf 87' lang='lat' dir='ltr'>addidit,</span> <span class='ocrx_word' id='word_1_322' title='bbox 1135 3532 1178 3582; x_wconf 91' lang='lat' dir='ltr'>ad·</span> 
     </span>
     <span class='ocr_line' id='line_1_34' title="bbox 147 3621 1178 3691; baseline -0.003 -19"><span class='ocrx_word' id='word_1_323' title='bbox 147 3625 206 3673; x_wconf 85' lang='lat' dir='ltr'>Nam</span> <span class='ocrx_word' id='word_1_324' title='bbox 226 3627 302 3683; x_wconf 68' lang='lat' dir='ltr'>bonus</span> <span class='ocrx_word' id='word_1_325' title='bbox 325 3627 359 3674; x_wconf 89' lang='lat' dir='ltr'>aic</span> <span class='ocrx_word' id='word_1_326' title='bbox 383 3624 524 3691; x_wconf 79' lang='lat' dir='ltr'>simpliciter</span> <span class='ocrx_word' id='word_1_327' title='bbox 544 3625 647 3690; x_wconf 88' lang='lat' dir='ltr'>positum</span> <span class='ocrx_word' id='word_1_328' title='bbox 679 3621 754 3686; x_wconf 86' lang='lat' dir='ltr'>didit,</span> <span class='ocrx_word' id='word_1_329' title='bbox 780 3621 863 3686; x_wconf 87' lang='lat' dir='ltr'>credo,</span> <span class='ocrx_word' id='word_1_330' title='bbox 887 3623 978 3673; x_wconf 84' lang='lat' dir='ltr'>obstas.</span> <span class='ocrx_word' id='word_1_331' title='bbox 999 3621 1084 3670; x_wconf 86' lang='lat' dir='ltr'>llelius</span> <span class='ocrx_word' id='word_1_332' title='bbox 1105 3636 1178 3686; x_wconf 84' lang='lat' dir='ltr'>oppa·</span> 
     </span>
     <span class='ocr_line' id='line_1_35' title="bbox 148 3708 1180 3775; baseline -0.005 -15"><span class='ocrx_word' id='word_1_333' title='bbox 148 3709 239 3760; x_wconf 88' lang='lat' dir='ltr'>indicat</span> <span class='ocrx_word' id='word_1_334' title='bbox 265 3721 359 3775; x_wconf 86' lang='lat' dir='ltr'>poetam</span> <span class='ocrx_word' id='word_1_335' title='bbox 384 3726 443 3760; x_wconf 84' lang='lat' dir='ltr'>suaa</span> <span class='ocrx_word' id='word_1_336' title='bbox 472 3726 520 3758; x_wconf 74' lang='lat' dir='ltr'>uari</span> <span class='ocrx_word' id='word_1_337' title='bbox 543 3717 647 3758; x_wconf 84' lang='lat' dir='ltr'>coutam-</span> <span class='ocrx_word' id='word_1_338' title='bbox 678 3719 769 3758; x_wconf 87' lang='lat' dir='ltr'>nuntur</span> <span class='ocrx_word' id='word_1_339' title='bbox 782 3710 945 3771; x_wconf 78' lang='lat' dir='ltr'>stac-abstes,</span> <span class='ocrx_word' id='word_1_340' title='bbox 962 3708 1180 3759; x_wconf 76' lang='lat' dir='ltr'>etGraecivocant</span> 
     </span>
     <span class='ocr_line' id='line_1_36' title="bbox 147 3794 1043 3862; baseline -0.003 -19"><span class='ocrx_word' id='word_1_341' title='bbox 147 3796 261 3845; x_wconf 73' lang='lat' dir='ltr'>mudum.</span> <span class='ocrx_word' id='word_1_342' title='bbox 275 3797 312 3844; x_wconf 88' lang='lat' dir='ltr'>lta</span> <span class='ocrx_word' id='word_1_343' title='bbox 327 3797 406 3845; x_wconf 83' lang='lat' dir='ltr'>Cicero</span> <span class='ocrx_word' id='word_1_344' title='bbox 414 3796 443 3845; x_wconf 89' lang='lat' dir='ltr'>de</span> <span class='ocrx_word' id='word_1_345' title='bbox 452 3796 546 3845; x_wconf 79' lang='lat' dir='ltr'>Oratore</span> <span class='ocrx_word' id='word_1_346' title='bbox 555 3796 591 3858; x_wconf 87' lang='lat' dir='ltr'>ll,</span> <span class='ocrx_word' id='word_1_347' title='bbox 605 3796 645 3845; x_wconf 82' lang='lat'>44.</span> <span class='ocrx_word' id='word_1_348' title='bbox 679 3796 848 3862; x_wconf 79' lang='grc' dir='ltr'><strong><em>μακρότερον</em></strong></span> <span class='ocrx_word' id='word_1_349' title='bbox 865 3794 1043 3850; x_wconf 80' lang='grc' dir='ltr'><em>ἀποστάντας.</em></span> 
     </span>
    </p>

    <p class='ocr_par' dir='ltr' id='par_1_7' title="bbox 149 3880 1178 4121">
     <span class='ocr_line' id='line_1_37' title="bbox 151 3880 1178 3946; baseline 0 -17"><span class='ocrx_word' id='word_1_350' title='bbox 151 3881 201 3930; x_wconf 83' lang='lat' dir='ltr'>Sed</span> <span class='ocrx_word' id='word_1_351' title='bbox 222 3888 318 3929; x_wconf 86' lang='lat' dir='ltr'>tautum</span> <span class='ocrx_word' id='word_1_352' title='bbox 339 3884 391 3930; x_wconf 82' lang='lat' dir='ltr'>viru</span> <span class='ocrx_word' id='word_1_353' title='bbox 412 3882 483 3930; x_wconf 78' lang='lat' dir='ltr'>habet</span> <span class='ocrx_word' id='word_1_354' title='bbox 498 3883 562 3943; x_wconf 75' lang='lat' dir='ltr'>ita,</span> <span class='ocrx_word' id='word_1_355' title='bbox 587 3897 648 3946; x_wconf 84' lang='lat' dir='ltr'>quaa</span> <span class='ocrx_word' id='word_1_356' title='bbox 713 3883 764 3930; x_wconf 83' lang='lat' dir='ltr'>[Iac</span> <span class='ocrx_word' id='word_1_357' title='bbox 790 3883 840 3929; x_wconf 79' lang='lat' dir='ltr'>tihi</span> <span class='ocrx_word' id='word_1_358' title='bbox 863 3882 958 3928; x_wconf 85' lang='lat' dir='ltr'>dictura</span> <span class='ocrx_word' id='word_1_359' title='bbox 987 3880 1056 3928; x_wconf 80' lang='lat' dir='ltr'>Tolle</span> <span class='ocrx_word' id='word_1_360' title='bbox 1078 3894 1178 3929; x_wconf 76' lang='lat' dir='ltr'>memor.</span> 
     </span>
     <span class='ocr_line' id='line_1_38' title="bbox 149 3965 1178 4031; baseline -0.001 -15"><span class='ocrx_word' id='word_1_361' title='bbox 149 3976 216 4016; x_wconf 84' lang='lat' dir='ltr'>recta</span> <span class='ocrx_word' id='word_1_362' title='bbox 236 3984 252 4015; x_wconf 90' lang='lat' dir='ltr'>a</span> <span class='ocrx_word' id='word_1_363' title='bbox 273 3968 331 4015; x_wconf 81' lang='lat' dir='ltr'>hono</span> <span class='ocrx_word' id='word_1_364' title='bbox 341 3976 416 4031; x_wconf 84' lang='lat' dir='ltr'>pocta</span> <span class='ocrx_word' id='word_1_365' title='bbox 433 3969 502 4016; x_wconf 88' lang='lat' dir='ltr'>dicto</span> <span class='ocrx_word' id='word_1_366' title='bbox 519 3977 558 4016; x_wconf 85' lang='lat' dir='ltr'>cst</span> <span class='ocrx_word' id='word_1_367' title='bbox 573 3965 646 4016; x_wconf 84' lang='lat' dir='ltr'>flexa·</span> <span class='ocrx_word' id='word_1_368' title='bbox 678 3969 752 4031; x_wconf 82' lang='lat' dir='ltr'>lunge</span> <span class='ocrx_word' id='word_1_369' title='bbox 776 3968 826 4015; x_wconf 81' lang='lat' dir='ltr'>tibi</span> <span class='ocrx_word' id='word_1_370' title='bbox 846 3967 957 4027; x_wconf 82' lang='lat' dir='ltr'>dictum,</span> <span class='ocrx_word' id='word_1_371' title='bbox 978 3981 1026 4013; x_wconf 88' lang='lat' dir='ltr'>non</span> <span class='ocrx_word' id='word_1_372' title='bbox 1044 3966 1102 4014; x_wconf 82' lang='lat' dir='ltr'>tolla</span> <span class='ocrx_word' id='word_1_373' title='bbox 1119 3966 1178 4015; x_wconf 79' lang='lat' dir='ltr'>titi.</span> 
     </span>
     <span class='ocr_line' id='line_1_39' title="bbox 150 4049 1178 4121; baseline -0.004 -16"><span class='ocrx_word' id='word_1_374' title='bbox 150 4057 216 4105; x_wconf 85' lang='lat' dir='ltr'>nima</span> <span class='ocrx_word' id='word_1_375' title='bbox 237 4063 310 4121; x_wconf 85' lang='lat' dir='ltr'>atque</span> <span class='ocrx_word' id='word_1_376' title='bbox 331 4056 434 4103; x_wconf 89' lang='lat' dir='ltr'>omnium</span> <span class='ocrx_word' id='word_1_377' title='bbox 456 4056 539 4120; x_wconf 84' lang='lat' dir='ltr'>regina</span> <span class='ocrx_word' id='word_1_378' title='bbox 553 4071 649 4116; x_wconf 85' lang='lat' dir='ltr'>rerum,</span> <span class='ocrx_word' id='word_1_379' title='bbox 682 4052 780 4101; x_wconf 85' lang='lat' dir='ltr'>lacobus</span> <span class='ocrx_word' id='word_1_380' title='bbox 787 4051 876 4100; x_wconf 87' lang='lat' dir='ltr'>Tollius</span> <span class='ocrx_word' id='word_1_381' title='bbox 884 4049 914 4100; x_wconf 84' lang='lat' dir='ltr'>ad</span> <span class='ocrx_word' id='word_1_382' title='bbox 922 4050 1017 4101; x_wconf 73' lang='lat' dir='ltr'>lnthol.</span> <span class='ocrx_word' id='word_1_383' title='bbox 1027 4052 1105 4101; x_wconf 87' lang='lat' dir='ltr'>Latin.</span> <span class='ocrx_word' id='word_1_384' title='bbox 1114 4051 1139 4101; x_wconf 84' lang='lat' dir='ltr'>T.</span> <span class='ocrx_word' id='word_1_385' title='bbox 1147 4052 1178 4113; x_wconf 89' lang='lat' dir='ltr'>ll,</span> 
     </span>
    </p>
   </div>
   <div class='ocr_carea' id='block_1_4' title="bbox 0 0 1385 4844">
    <p class='ocr_par' dir='ltr' id='par_1_8' title="bbox 0 0 1385 4844">
     <span class='ocr_line' id='line_1_40' title="bbox 0 0 1385 4844; baseline 0 0"><span class='ocrx_word' id='word_1_386' title='bbox 0 0 1385 4844; x_wconf 95' lang='lat' dir='ltr'> </span> 
     </span>
    </p>
   </div>
  </div>
 </body>
</html>
