2752 4844
488 389 547 450 AI)
578 389 793 454 PISONES.

163 587 276 659 Altera
296 589 405 683 poscit
423 613 523 686 opem
544 613 597 663 res
623 599 658 662 et
677 595 831 663 coniurat
853 595 968 665 amice.

161 705 227 794 Qui
244 705 356 776 studet
376 714 525 802 optatam
549 732 652 780 cursu
677 711 868 809 contingere
892 719 1034 802 metam,

161 821 270 895 Multa
294 824 375 895 tulit
397 825 542 920 fecitque
565 852 668 922 puer,
694 828 826 898 sudavit
849 835 883 900 et
907 829 1001 920 alsit,

158 940 333 1013 Abstinuit
350 966 469 1037 uenere
489 952 523 1016 et
541 947 637 1033 vino,
662 948 720 1040 qui
745 947 864 1042 Pythie
889 956 1003 1018 cantet

159 1058 315 1150 Tibicen,
333 1058 451 1131 didicit
468 1063 563 1157 prius
587 1063 807 1159 extimuitque
831 1066 1040 1158 magistrum.

159 1178 257 1250 Nunc
277 1178 356 1248 eatis
375 1186 445 1270 est,
467 1179 696 1276 dixissezEgo
716 1184 799 1253 mira
820 1193 974 1279 poemata
988 1207 1116 1280 pango:

126 1415 232 1467 versibus
244 1434 327 1469 eureos
339 1417 461 1484 Philippos
477 1417 621 1482 abstulerat,
686 1419 760 1468 Nune
767 1423 834 1468 satis
842 1428 894 1484 est,
903 1421 1000 1470 die-isse
1005 1440 1014 1471 .·
1019 1422 1075 1487 Ego
1083 1423 1151 1470 miro

122 1502 222 1565 profuit
258 1504 354 1570 quidem
394 1503 452 1552 rude
484 1505 620 1569 ingenium,
648 1505 1151 1572 pocruutupougo.Percipeaodesintento

126 1587 269 1651 quantillum
287 1606 342 1638 vero
359 1599 423 1651 eret,
443 1587 507 1654 quod
518 1590 619 1653 potuit,
652 1591 729 1638 animo
756 1590 824 1639 filum
851 1590 995 1658 ductumque
1019 1594 1148 1643 orationis:

124 1671 186 1721 vidit
206 1676 295 1740 optime
309 1672 382 1723 iudex
399 1674 532 1723 Posteritas.
554 1673 620 1722 BEN-
652 1674 704 1733 Qui
726 1675 811 1724 studet
830 1683 940 1740 optatum
960 1692 1034 1726 mersu
1054 1679 1150 1725 emrtu-

125 1757 229 1808 TLEIVS.
647 1774 708 1824 gere
729 1767 832 1824 metam,
854 1762 939 1810 Multo
961 1763 1025 1810 tulit
1036 1763 1152 1826 fecitque

158 1843 246 1891 Possit
266 1845 337 1891 etism
357 1843 448 1910 legitur
467 1844 494 1893 in
517 1845 621 1910 margine
648 1860 727 1910 puer,
752 1846 853 1894 sudavit
868 1854 895 1894 et
913 1849 995 1910 alsit,
1017 1847 1152 1898 Abstinuit

126 1929 196 1976 unius
211 1927 257 1978 MS.
273 1928 433 1978 D’Orvilliani.
651 1945 737 1978 venere
754 1938 780 1979 et
795 1933 867 1994 rium·
888 1934 932 1996 qui
952 1933 1048 1996 Pythia
1065 1939 1153 1980 contat

157 2014 272 2063 Alterius
291 2015 329 2062 sic
349 2014 438 2062 Altero
453 2015 538 2078 poscit
554 2030 620 2079 operte
652 2016 771 2079 Tibicen,
802 2016 896 2066 didicit
917 2019 994 2082 prius
1021 2018 1153 2066 extimuit·

125 2112 166 2146 res
190 2106 216 2146 et
239 2101 353 2147 ematurat
368 2101 453 2148 amice.
485 2100 622 2148 »Nonnulli
654 2115 699 2163 que
714 2103 872 2166 magistrum.
889 2103 963 2151 Nune
978 2103 1045 2150 satis
1060 2109 1099 2150 est
1114 2102 1153 2150 di·

125 2185 305 2249 queesivemnt,
322 2195 403 2233 utrum
418 2184 458 2232 bic
473 2183 624 2248 natureplus
656 2186 740 2232 uisse:
761 2186 817 2250 Ego
836 2188 903 2235 mira
918 2195 1033 2251 poemate
1051 2202 1154 2252 perego:

127 2268 261 2318 valereten
274 2269 388 2319 doctrina.
403 2267 516 2334 Equidem
526 2284 570 2316 nec
580 2285 623 2316 na·
656 2269 762 2332 Occupet
785 2277 919 2318 extremum
949 2271 1060 2319 scabies:
1088 2272 1154 2319 milui

125 2363 203 2402 turam
221 2355 272 2403 sine
288 2352 407 2416 doctrine,
430 2369 474 2401 nee
491 2351 621 2402 doctrinam
655 2360 726 2417 turpe
750 2355 861 2418 relinqui
883 2355 1001 2418 est,‘Et
1024 2355 1087 2419 prod
1105 2371 1155 2404 nors

125 2439 176 2489 sine
196 2449 282 2488 nature
302 2438 409 2487 sufficere
430 2437 517 2486 iudico.
539 2436 620 2485 Altera
652 2438 733 2486 didici
761 2453 821 2486 sene
849 2441 944 2487 nescire
965 2440 1058 2500 fateri.
1092 2441 1151 2505 Qui,

124 2525 223 2573 alterius
238 2524 328 2573 auxilio
345 2526 427 2589 eget.'’
442 2523 481 2585 Si,
495 2521 525 2570 ed
537 2526 623 2570 eonne-
654 2523 751 2588 inquit,
776 2522 884 2589 Olympia
900 2532 976 2572 certet
993 2541 1088 2588 cursor,
1109 2527 1153 2591 qni

125 2609 232 2658 otendem
255 2606 435 2674 argumentandi
457 2609 572 2655 rationem
593 2609 619 2655 iu
650 2607 738 2672 Pythia
754 2617 835 2656 cantat
850 2606 955 2671 tibicen,
971 2626 1018 2659 non
1036 2609 1109 2659 nudet
1126 2612 1153 2660 in

123 2695 171 2744 fine
186 2694 306 2760 particula
321 2691 501 2754 addatur,addi
514 2701 620 2757 oportet:
655 2701 775 2741 certamen
799 2690 939 2741 descendere
963 2695 1013 2742 sine
1037 2694 1108 2760 longe
1128 2706 1154 2745 et

124 2780 174 2828 Sed
185 2781 265 2828 altera
278 2794 318 2826 res
328 2779 436 2826 alterius
448 2778 546 2825 auritio
556 2785 620 2841 eget.
654 2775 748 2825 assidua
769 2775 813 2825 sub
832 2778 944 2842 magistro
966 2781 1153 2830 exercitationes

125 2864 224 2913 Melius:
249 2864 356 2911 alterius
376 2862 419 2913 sed
433 2861 522 2912 Altera
540 2862 625 2925 poscit
656 2861 723 2911 Nunc
744 2864 810 2910 sotis
831 2870 870 2910 est
890 2863 988 2911 dixisse
1008 2873 1055 2912 eet.
1079 2866 1154 2915 Nuus

125 2964 191 3013 opem
214 2963 255 2996 res
278 2954 305 2994 et
328 2948 442 2995 coniurat
467 2947 552 2994 amice.
585 2947 622 2994 Ita
653 2963 709 2995 vero
725 2948 776 2995 sine
792 2947 844 2996 ulla
860 2946 967 2997 doctrine
982 2947 1021 2997 vel
1037 2965 1082 2998 usn
1098 2952 1152 3016 qui·

123 3035 243 3100 Longinus
266 3031 449 3098 disputationem
472 3031 527 3079 finit
549 3028 619 3094 536.
651 3033 687 3080 vis
709 3033 826 3097 poetieam
844 3031 891 3082 sibi
910 3043 1012 3099 arrogat.
1036 3035 1150 3098 Quorsum

122 3124 160 3185 τῇ
174 3120 227 3185 γὰρ
243 3116 409 3183 euentuque
423 3115 530 3181 (naturae
545 3125 569 3165 et
583 3133 620 3165 er·
652 3115 747 3166 obsecro
762 3116 825 3166 illud
840 3115 935 3166 Nune?
955 3118 1012 3167 Cum
1027 3120 1095 3170 nulle
1110 3121 1152 3171 hic

121 3205 163 3270 tis)
187 3204 250 3261 'ioue
272 3200 370 3267 γένοιτ’
393 3201 426 3251 dr
450 3201 482 3250 τὸ
505 3200 616 3251 τέλειον.
652 3211 797 3268 temporum,
819 3201 861 3251 sed
878 3202 1009 3252 studiorum
1028 3204 1153 3257 dumtaxat

123 3292 167 3339 Sis
184 3301 220 3340 est
236 3289 363 3338 statuentis
379 3284 484 3352 aliquid,
500 3297 620 3352 tamquam
652 3288 770 3352 oppositio
791 3296 835 3337 est.
860 3288 912 3337 Non
933 3291 996 3338 enim
1017 3274 1152 3357 praesentes

124 3377 228 3425 amoma:
254 3375 308 3436 sed,
330 3387 399 3422 suum
419 3370 487 3419 modo
507 3370 622 3422 iudicium
655 3380 736 3435 poetes
752 3387 806 3420 cum
821 3373 926 3439 antiquis
940 3375 967 3422 in
982 3374 1057 3424 sudio
1074 3393 1153 3426 curso·

123 3463 241 3526 ponentis,
653 3454 732 3519 ribus,
755 3473 808 3505 cum
830 3459 914 3523 priscis
936 3457 1075 3517 tibicinibus
1092 3478 1153 3510 com-

152 3541 289 3594 ‘Abstireuit
310 3558 395 3594 seuere
417 3550 443 3591 et
461 3543 526 3590 vino.
558 3541 620 3591 tiss.
653 3552 735 3607 perat:
760 3559 813 3591 nem
836 3553 860 3591 et
883 3545 926 3610 qui
949 3561 1029 3608 nune,
1054 3547 1151 3613 inquit,

123 3629 478 3679 LambiniVenereetBaeeio.
499 3626 621 3674 Sicetism
654 3626 735 3675 studet
761 3635 851 3675 metum
874 3630 1033 3695 contingere,
1064 3633 1154 3697 quique

123 3717 205 3765 eratin
216 3713 447 3764 Cod.Brenckmenni
460 3711 623 3776 estlommgii.
655 3728 718 3761 nune
732 3723 813 3762 cantat
826 3714 933 3778 Pythio,
947 3715 1013 3779 prius
1026 3726 1076 3764 arte
1090 3734 1115 3765 se
1130 3727 1155 3766 et

123 3798 189 3848 Illud
212 3801 270 3847 virro
292 3801 350 3847 oriri
372 3800 452 3864 potuit
479 3815 508 3846 ex
531 3797 621 3862 glossa:
655 3796 736 3846 labore
753 3799 856 3847 formant
871 3809 1067 3866 praeparentque.
1085 3802 1154 3851 Vides

123 3885 217 3934 Boccho
238 3892 318 3932 eutem
338 3885 412 3948 magis
429 3880 504 3930 habet
518 3883 621 3948 speciem
652 3884 714 3945 iem,
734 3884 831 3947 opinor,
848 3884 880 3931 τὸ
898 3882 1101 3944 ἀνακόλουθονς
1120 3889 1155 3937 vi·

123 3968 256 4037 proverbii,
270 3977 311 4016 ut:
329 3968 389 4016 Siue
398 3967 484 4016 Cerere
498 3974 524 4014 et
536 3968 624 4016 Libero
655 3965 696 4015 des
718 3965 780 4015 illud
801 3983 864 4015 nunc
885 3976 910 4015 et
928 3967 990 4016 nibil
1006 3969 1036 4019 ed
1052 3987 1102 4021 rem
1118 3974 1156 4023 fa.

121 4056 203 4121 friget
221 4054 307 4103 Versus.
657 4068 723 4114 cere,
735 4061 760 4100 et
770 4053 911 4101 sententiam
922 4051 1067 4106 subvertere.
1078 4058 1155 4109 Enim-

985 4149 1027 4211 10

471 4240 488 4269 Ι
