2752 4844
177 381 217 444 32
439 381 655 444 llOIlhTII
685 382 931 443 EPISTOLA

205 589 337 661 Vicinus
358 585 461 659 urbes
481 586 557 678 alit,
583 593 618 656 et
642 609 742 681 grave
765 587 866 656 sentit
887 595 1056 673 aratrum,

165 805 201 845 et
226 797 326 844 mutatio
351 803 399 841 tam
423 790 452 840 ad
475 809 517 840 ver
540 808 611 857 quam
627 789 666 839 ‘ad
697 808 752 840 mem
767 794 846 840 siloae
857 794 947 857 privos
962 795 1136 841 mutanturin
1148 810 1193 842 aru

175 891 327 932 auctumnum
344 882 428 930 referri
445 878 525 928 debet.
541 881 600 927 Tum
612 880 669 943 pti·
701 894 760 941 teos,
783 881 855 927 Folia
879 881 983 942 eadunt,
1005 881 1045 926 itu
1069 880 1193 926 verboram

173 968 389 1028 uaafoliacuduut
399 969 473 1033 magis
486 969 603 1034 significat
611 968 669 1031 pri·
701 974 772 1014 vetus
796 967 892 1014 interit
911 973 996 1013 oetas:
1017 967 1055 1013 Et
1078 967 1194 1013 iuvenum

174 1037 240 1104 suum
255 1057 358 1118 eadunt,
376 1057 413 1104 vel
427 1072 487 1119 quos
498 1058 610 1120 primum
622 1070 666 1102 na·
698 1056 753 1102 ritu
769 1056 864 1117 floreat
885 1055 953 1101 modo
969 1059 1031 1100 nota
1048 1054 1192 1115 virentque,

176 1151 204 1191 ta
219 1151 291 1206 ment,
308 1143 352 1191 hoe
367 1153 402 1190 est
416 1158 491 1189 veruta
506 1158 532 1189 ac
547 1143 666 1189 virentia.
700 1142 784 1188 Multa
800 1147 973 1201 renascentur,
991 1155 1052 1201 quac
1064 1141 1117 1185 iam
1132 1139 1194 1185 ceci·

174 1230 221 1278 Sed
242 1247 269 1279 ea
284 1247 331 1278 non
347 1227 448 1291 cadunt,
475 1245 501 1276 eo
517 1230 582 1292 ipso,
604 1225 667 1292 quod
699 1228 769 1290 dece,
785 1228 918 1289 cadentque
936 1227 1003 1284 Quae
1016 1243 1079 1275 nuuc
1092 1227 1195 1274 mantin

174 1328 230 1367 sunt
246 1319 348 1382 primum
369 1325 441 1378 nata,
463 1313 526 1380 quod
541 1323 598 1362 sunt
609 1314 666 1377 prt'-
699 1314 785 1360 houors
815 1315 946 1376 ascutula,
976 1315 1002 1362 si
1029 1316 1092 1361 volet
1114 1330 1192 1375 usam,

173 1420 222 1453 utu.
246 1406 436 1469 Interpretantur
453 1403 511 1450 solia
527 1419 587 1467 quae
601 1403 667 1466 prius
701 1401 777 1458 Quem
793 1416 871 1465 pertas
892 1403 1029 1449 arbitrium
1051 1408 1090 1448 est
1110 1409 1136 1448 et
1150 1403 1193 1448 ius

175 1499 231 1538 nata
255 1499 327 1551 sunt,
355 1500 426 1555 atque
445 1488 503 1538 adeo
526 1489 580 1537 aliis
605 1488 669 1536 soliis
702 1496 729 1535 et
743 1503 826 1535 ummo
843 1488 963 1549 loquendi.
986 1488 1030 1551 Qui
1045 1503 1139 1549 uersus,
1157 1489 1193 1535 ita

173 1579 311 1627 uetustiora.
327 1576 431 1627 Vestram
447 1579 533 1642 fidem,
550 1581 667 1642 iuterpre-
700 1579 788 1642 positi,
812 1575 898 1624 claram
921 1554 945 1621 et
965 1575 1083 1638 egregiam
1099 1582 1192 1620 senteu-
1217 1616 1220 1625 ,

135 1656 145 1674 ’
175 1666 224 1711 tesl
236 1664 291 1710 Tam
305 1663 375 1711 breue
389 1653 501 1728 temporis
514 1662 667 1711 intervallum
701 1664 758 1710 tiam
775 1671 909 1726 praestant;
925 1677 951 1708 ac
968 1658 997 1706 de
1009 1659 1094 1705 ceteris
1107 1654 1191 1704 deinde

175 1759 277 1797 aetatem
294 1749 404 1798 foliorum
421 1749 560 1813 distinguit,
578 1760 606 1796 ut
620 1748 667 1796 alia
700 1747 812 1796 dicemus.
830 1747 896 1794 Nune
913 1744 981 1808 vide,
1002 1761 1073 1810 quam
1086 1753 1150 1792 recte
1167 1753 1192 1791 et

173 1835 291 1900 appellari
306 1838 395 1900 possint
411 1844 523 1898 vetusta,
537 1837 584 1883 alia
600 1838 668 1883 iuve-
699 1846 755 1900 apte
768 1835 904 1882 cohaerent:
926 1821 971 1895 Ut,
985 1847 1040 1879 oum
1051 1833 1129 1880 siloae
1142 1846 1194 1877 mu·

174 1921 263 1971 uilio?
289 1923 369 1986 Neque
391 1924 534 1987 comparatio
553 1921 664 1968 soliorum
699 1927 802 1982 tacetur,
819 1919 889 1980 solia
909 1919 976 1967 modo
997 1919 1105 1980 cadunt,
1127 1917 1195 1964 modo

175 2027 229 2060 curn
244 2008 323 2057 verbis
339 2019 386 2056 tam
402 2008 451 2056 late
468 2010 608 2073 porrigitur,
623 2006 664 2055 sed
697 2015 834 2055 noscuntur
850 2015 876 2055 et
889 2008 982 2054 vireret.
1000 2002 1120 2050 librarius
1133 2017 1195 2049 unus

174 2099 200 2147 in
222 2112 249 2143 eo
274 2094 392 2143 subsistit:
418 2103 447 2141 nt
468 2093 526 2141 folia
542 2095 668 2158 quotannis
700 2092 758 2141 haec
782 2095 817 2141 ita
839 2090 941 2141 scrihere
963 2090 1055 2153 potuit:
1081 2088 1113 2134 Ut
1128 2087 1196 2134 modo

176 2194 304 2233 nascuntur
334 2190 359 2230 et
388 2181 494 2245 cadunt,
533 2184 568 2231 ita
597 2181 669 2230 verba
692 2181 778 2244 solio,
797 2197 851 2228 eom
867 2181 946 2228 silvae
955 2177 1052 2240 primos
1067 2180 1197 2220 mutaretur

176 2273 285 2322 oriuntur
301 2282 326 2319 et
341 2274 470 2320 intereunt.
490 2270 532 2317 Pro
536 2272 623 2335 prim
630 2287 668 2318 ea·
700 2271 730 2317 in
745 2286 822 2318 annos
840 2268 950 2328 Cadunt,
966 2266 1008 2312 ita
1021 2264 1145 2311 verborum
1157 2275 1197 2308 oe·

175 2357 666 2422 duut,Boher.adCiceronisTusc.Quaest.
702 2363 743 2402 tus
758 2356 853 2401 interit
868 2360 945 2398 actas.
973 2350 1057 2408 Alter,
1080 2357 1108 2393 ut
1124 2346 1197 2394 hexa-

176 2465 201 2513 p.
214 2449 262 2496 270
283 2447 382 2508 corrigit
394 2441 470 2504 priva
485 2440 583 2486 eadunt.
606 2440 665 2486 Hine
698 2448 801 2485 metrum
815 2439 965 2484 restitueret:
986 2431 1105 2490 Utfodt'is
1118 2432 1197 2477 silvae

176 2540 255 2578 tamen
277 2527 396 2575 lucramur
416 2521 486 2570 nihss.
512 2521 608 2585 Inspexi
631 2537 670 2568 ve·
697 2523 795 2584 primos
815 2519 993 2566 mutuatarius
1011 2533 1086 2565 anuos
1108 2517 1196 2564 Prima

172 2615 316 2662 castissimas
331 2608 448 2659 Diomedis
461 2609 608 2672 grammatici
621 2606 669 2655 edi-
702 2607 807 2654 cadunt:
823 2605 886 2652 alter
902 2605 934 2651 Ut
941 2603 1011 2664 solia
1023 2604 1053 2650 a'u
1065 2603 1148 2651 silvis.
1171 2602 1196 2653 Si

175 2701 264 2761 tiones,
278 2707 370 2763 partem
384 2694 670 2761 apparatusBondamiani
701 2695 754 2758 quis
776 2709 867 2741 caussas
890 2692 974 2739 erroris
995 2691 1100 2738 iuvenire
1122 2691 1197 2754 possit

175 2789 202 2836 in
231 2784 378 2834 Bibliotheca
410 2783 506 2849 publica
536 2782 666 2845 Leidensi,
699 2798 754 2829 vero
768 2781 909 2842 similiores,
927 2777 1042 2826 laetabor.
1067 2779 1115 2827 Hoc
1135 2778 1195 2828 mihi

176 2890 276 2941 quarum
301 2871 430 2921 editionum
455 2873 570 2936 margines
596 2871 667 2918 varus
691 2866 829 2929 concedet,
844 2868 944 2931 opinor,
962 2867 1108 2927 orationem,
1125 2882 1196 2931 quam

176 2959 332 3020 lectionibus,
342 2958 459 3024 undique,
477 2961 547 3006 etiam
560 2975 589 3006 ex
605 2956 666 3006 MSS.
701 2958 763 3018 feci,
780 2972 829 3003 esse
846 2956 967 3014 latinam,
984 2954 1149 3016 perspicuam,
1171 2961 1196 2999 et

135 3067 138 3074 ·
176 3054 233 3095 sunt
253 3047 325 3094 aucti.
352 3043 446 3092 Nullam
464 3042 610 3108 deprehendi
626 3059 666 3090 va·
697 3041 830 3090 rotundam.
870 3042 943 3088 Folio
970 3055 1019 3089 csse
1044 3038 1195 3098 trochaeum,

175 3134 286 3181 rietatem
299 3133 325 3180 iu
341 3148 409 3182 versu
421 3134 561 3196 Horatiano,
574 3135 620 3182 nisi
632 3135 668 3181 in-
701 3149 769 3181 nemo
786 3149 833 3179 nou
848 3130 922 3178 uidet.
942 3129 1016 3177 Folia
1028 3128 1119 3175 rodoam
1131 3125 1195 3174 idem

177 3228 216 3266 ter
226 3219 315 3282 privos
331 3226 355 3264 et
365 3221 471 3281 manos.
498 3218 588 3282 Quare,
605 3215 668 3283 quod
688 3226 768 3277 ‚sonas
783 3233 810 3263 ao
827 3215 981 3281 Virgiliannm
1002 3232 1086 3281 genua
1101 3216 1193 3263 utura.

177 3320 224 3353 non
242 3303 367 3366 intellexi,
383 3303 408 3353 id
425 3305 559 3351 coniectura
575 3303 667 3368 assequi
699 3300 730 3348 Ac
751 3298 846 3348 videtur
863 3317 891 3347 ea
907 3301 1041 3364 corruptela
1057 3303 1083 3349 in
1098 3300 1194 3348 Horatio

176 3399 276 3440 conatus
288 3407 347 3438 sum.
365 3389 462 3452 Nullus,
476 3388 560 3451 credo,
573 3389 672 3438 Romani
704 3389 750 3436 iam
768 3404 817 3434 esse
833 3386 902 3435 valde
916 3390 1022 3452 antiqua.
1043 3389 1196 3436 Grammatici
1254 3402 1258 3410 ·

178 3480 298 3544 scriptoris
315 3476 378 3525 liber
393 3487 485 3539 exstat,
503 3479 528 3526 in
541 3494 603 3542 qno,
620 3468 668 3526 sive
701 3475 796 3542 quidem
820 3474 884 3522 illud
904 3473 1058 3538 virgilianum
1075 3473 1196 3538 explican-

178 3564 283 3630 siugulos
302 3580 383 3612 versus
401 3565 451 3611 sive
473 3573 523 3613 tota
545 3575 671 3630 praecepta
705 3574 754 3627 tes,
771 3565 952 3612 silloratiauum
960 3561 1195 3622 novissentsoliocu

177 3650 322 3714 consideres,
339 3651 460 3717 legitimus
475 3649 531 3699 ordo
545 3668 588 3716 per
598 3650 670 3699 libra-
703 3640 786 3713 duat,
796 3653 822 3699 in
840 3650 988 3715 exemplum,
1003 3647 1087 3711 credo,
1101 3648 1196 3697 attalia<

177 3741 226 3788 rios
244 3741 319 3804 magis
339 3741 370 3787 sit
394 3748 526 3804 corruptus.
552 3737 669 3786 locabulo
702 3749 763 3788 sent.
777 3740 805 3786 Et
820 3741 868 3787 iam
881 3735 1196 3802 Hieronymus,quodnuno

176 3825 250 3874 semel
263 3828 417 3892 transposito,
434 3837 512 3875 cetera
525 3825 625 3888 deiude,
642 3837 670 3875 nt
701 3827 827 3891 vulgatur,
845 3826 913 3890 legit.
931 3823 1053 3872 Bentleius
1068 3823 1147 3873 locum
1163 3825 1196 3872 ci·

177 3920 279 3959 menum
311 3914 501 3974 restitueretur,
535 3920 671 3974 transpone·
704 3913 776 3958 tavit:
795 3917 926 3975 postquam
944 3912 998 3958 atta
1013 3902 1110 3960 verterit
1122 3927 1196 3977 geos·

177 3996 279 4061 huntur,
295 3998 343 4047 alia
359 3999 537 4048 omittebantur.
562 3999 609 4063 Ego
625 3997 671 4044 llo·
702 3999 786 4060 ratt'o,
804 3999 944 4062 primisque
959 3998 1038 4058 foliis
1052 4000 1196 4048 cadentibus

177 4085 265 4136 ratium
288 4086 406 4150 scripsisse
430 4096 503 4151 puto:
532 4085 565 4132 Ut
587 4085 669 4146 raom,
702 4085 787 4132 virens
801 4086 869 4132 siloa
883 4087 1041 4136 summoverit.
