2752 4844
523 397 583 461 AD
614 393 860 460 Pisonen
965 385 980 392 '⁶
1134 395 1174 457 21

195 604 390 678 Reddiderit
408 606 566 675 iunctura
590 625 729 674 norum.
753 601 796 672 Si
809 600 896 672 forte
920 598 1053 674 neceeee
1068 604 1151 693 cot,

158 826 248 870 tactam
269 822 324 871 aliis
341 822 415 889 dixit,
434 817 492 874 'cnm
511 824 653 874 r‘reeidnrtio
684 820 863 870 Verbamooere
877 822 943 884 loco,
964 824 1077 886 parneis
1088 823 1180 870 inrita*

156 911 301 958 nominavit:
325 912 453 978 quidhoc,
475 914 559 977 sodes,
583 912 649 962 aliud
682 913 809 973 recedant,
824 913 862 958 Et
875 912 1174 958 versentnredhneintrs

157 1005 208 1058 est,
236 1013 307 1062 quam
329 1000 436 1067 delectur
461 997 564 1048 rernm?
589 997 647 1064 quid
674 993 818 1062 penetralia
838 997 941 1044 Vestae:
971 997 1104 1043 Obscuram
1126 995 1172 1043 diu

157 1082 238 1145 aliud,
253 1099 322 1148 quam
335 1086 396 1150 qnod
409 1104 478 1135 versu
491 1087 585 1135 demum
600 1088 646 1134 150
675 1086 766 1150 populo
782 1085 855 1136 bonne
864 1091 948 1146 cruet,
971 1091 1044 1146 atqrn
1057 1078 1174 1143 ‘Prn‘eret

109 1224 111 1227 ¹
157 1167 273 1234 habetur,
291 1180 382 1236 etqnee
397 1175 521 1238 Desperet
538 1181 647 1222 tractata
678 1174 800 1220 inlunem
820 1168 1055 1235 speciosarocahula
1072 1183 1171 1230 rerum,

156 1259 278 1306 nitescere
285 1276 371 1324 porse,
388 1259 546 1326 relinquit?
562 1261 592 1309 dt
608 1280 653 1310 ne-
681 1271 767 1310 cetera.
786 1261 876 1323 Sentis,
898 1260 991 1324 opinor,
1014 1257 1040 1303 in
1060 1257 1172 1320 promisso

156 1359 211 1409 que
228 1344 263 1393 bis
276 1345 337 1394 idem
354 1347 445 1396 diceret
457 1348 552 1407 Noster3
571 1364 648 1414 neque
682 1359 707 1397 et
720 1348 827 1414 legitimo
839 1349 941 1396 carmine
958 1344 1017 1392 haec
1029 1343 1102 1392 verba
1118 1361 1175 1410 poe-

155 1438 202 1476 tarn
231 1440 311 1479 mutus
336 1443 378 1480 aut
404 1432 529 1481 verborum
556 1450 646 1499 pauper
679 1443 717 1481 tae
740 1432 861 1494 emunda,
879 1431 938 1480 haec
954 1434 1089 1497 spernenda
1113 1449 1171 1481 esse.

154 1526 218 1580 erat,
234 1528 262 1566 ut
286 1527 412 1584 praecepto
430 1518 473 1566 illo
493 1514 522 1566 de
536 1519 647 1566 Inciden-
679 1518 740 1581 Quin
771 1526 795 1564 et
824 1519 947 1582 sequentia
976 1517 1033 1580 illa,
1063 1519 1172 1565 Dixeris

154 1605 221 1652 tibris
234 1615 282 1653 tam
295 1605 400 1654 breviter
416 1605 548 1672 leviterque
562 1604 648 1652 desun—
680 1604 796 1668 egregie,
819 1605 865 1649 iam
890 1604 978 1651 cultius
994 1613 1019 1651 et
1035 1606 1172 1652 concinnius

151 1702 261 1755 geretur,
292 1694 346 1741 Hoc
369 1701 435 1741 ornet
465 1695 507 1740 keo
536 1697 644 1755 sperreut.
680 1699 733 1754 post
757 1689 818 1737 hane
840 1685 1027 1737 emendationem
1046 1692 1183 1739 serentum:

150 1777 212 1841 Quid
233 1779 326 1828 multae.
347 1779 456 1827 Restituo
482 1778 539 1826 huie
563 1779 643 1826 versui
675 1794 730 1824 nam
743 1786 826 1839 autea,
842 1793 895 1824 cum
908 1779 942 1825 sic
955 1778 1037 1824 iuncta
1053 1794 1169 1842 poneren-

150 1880 220 1912 suum
244 1865 321 1913 locum
346 1877 370 1914 et
388 1866 493 1915 ordinem
519 1869 566 1914 iam
588 1867 642 1932 plus
675 1876 726 1928 tur,
742 1868 773 1914 In
786 1866 864 1914 verbis
877 1867 955 1914 etiarn
972 1868 1055 1914 tennis
1072 1873 1171 1913 euntes·

149 1952 216 1999 mille
240 1968 326 2014 annos,
352 1963 380 2000 ut
412 1971 441 2002 ex
457 1953 537 2002 Servio
559 1964 644 2019 «patet,
677 1970 722 2018 qne
740 1934 865 2016 serendis,
885 1956 992 2002 Diceris
1008 1955 1107 2020 egregie
1128 1970 1170 2004 ne-

149 2040 272 2097 amissum3
292 2055 365 2104 eoque
379 2039 513 2104 indignius,
534 2039 597 2104 quod
616 2038 644 2087 de
679 2048 732 2087 turn
748 2042 774 2088 si
788 2042 880 2089 collide
894 2040 1005 2099 verbum3
1024 2043 1106 2089 verbis
1120 2043 1170 2090 uti·

148 2125 233 2174 Ordine
259 2128 306 2174 iam
327 2142 390 2173 nunc
411 2124 560 2173 tractandum
582 2134 641 2173 erat.
675 2142 721 2190 qne
739 2136 763 2174 et
780 2129 877 2174 verton
891 2137 939 2175 tam
956 2130 1088 2194 propinqua
1102 2146 1170 2194 repe-

151 2213 256 2260 Ordinis
271 2214 328 2259 heec
342 2215 426 2258 eirene
441 2212 493 2257 erit
509 2217 535 2256 et
553 2225 642 2272 venus,
675 2212 761 2257 titione
772 2228 859 2259 meram
873 2213 975 2260 scabiem
985 2222 1009 2261 et
1022 2214 1101 2263 sordes
1112 2232 1169 2280 prae

149 2306 196 2346 unt
210 2314 255 2363 ego
265 2299 359 2359 fallor,
384 2296 481 2344 Urium
495 2311 560 2342 nune
575 2296 644 2342 dicut
676 2312 701 2343 se
715 2294 833 2345 ferebant.
851 2297 900 2345 lam
915 2308 996 2347 autem
1017 2301 1102 2349 similis
1117 2302 1170 2367 pla·

147 2389 200 2434 iarn
222 2401 285 2433 nnnc
306 2385 419 2432 debentia
438 2385 506 2443 diei5
525 2383 644 2446 Pleraque
676 2399 706 2430 ne
723 2383 748 2430 in
767 2383 887 2448 plerisque
907 2384 975 2434 libris
993 2389 1102 2436 traiectio
1119 2399 1168 2452 est,

148 2471 254 2534 differat
265 2478 291 2518 et
294 2485 412 2534 praecem
419 2471 449 2516 in
463 2468 642 2532 tenprecernit·
675 2467 748 2532 Epist.
766 2468 790 2530 1,
805 2483 828 2531 1,
842 2471 889 2519 57:
909 2471 961 2520 illic
975 2482 1053 2522 tamen
1066 2491 1128 2523 unus
1145 2485 1170 2524 et

149 2564 196 2607 tat.
227 2559 259 2606 In
280 2557 361 2604 cerdis
385 2559 462 2606 etiarn
483 2558 567 2604 tennis
588 2572 643 2604 cen·
675 2555 737 2604 alter
759 2556 831 2604 codex
849 2567 937 2606 rectam
952 2561 1037 2608 seriem
1053 2562 1169 2625 servavit,

148 2648 235 2705 rusque
267 2643 392 2706 serendis,
423 2645 474 2692 IIoe
495 2651 574 2705 amet,
601 2645 643 2691 noe
675 2642 716 2691 hie
728 2625 819 2692 nullus.
834 2643 922 2710 Nempe
933 2647 998 2710 prior
1011 2655 1035 2694 et
1049 2649 1170 2712 antiquior

146 2736 249 2793 epnnet
262 2732 384 2793 promissi
400 2731 522 2777 carminis
543 2737 636 2778 unctor.
670 2729 763 2778 lunatio
777 2728 835 2776 haec
850 2739 898 2792 est,
914 2746 984 2795 mam
1000 2731 1084 2786 altera.
1101 2732 1168 2780 Cete-

147 2817 254 2865 Dineris
270 2819 385 2882 egregie,
404 2824 489 2866 notum
502 2819 528 2864 si
545 2818 638 2865 callide
669 2833 722 2864 rum
747 2815 809 2864 illud
828 2826 908 2864 sancte
927 2817 1043 2866 affirmare
1060 2834 1168 2883 possum,

67 2889 70 2897 ’
146 2905 245 2951 verbnm
258 2883 532 2966 Reddideritinnctnrn
545 2918 640 2951 nornen.
674 2919 710 2949 me
724 2901 819 2950 nullum
839 2918 938 2967 usquam
959 2912 1001 2950 aut
1017 2903 1109 2951 Horatii
1125 2910 1168 2952 aut

145 2989 232 3052 tides,
248 2991 319 3037 unius
332 2988 443 3037 versiculi
457 2989 565 3036 traiectio
582 3005 640 3054 quas
673 2989 776 3038 cuiusvis
788 2991 877 3038 veteris
887 2999 971 3054 poetae
981 2993 1169 3056 manuscriptum

145 3076 228 3126 turbas
247 3075 353 3140 dederit,
373 3085 431 3141 quot
444 3086 536 3124 coactas
553 3085 577 3124 et
590 3078 641 3124 ine·
674 3078 794 3142 exemplar
820 3078 962 3139 versavisse,
987 3068 1074 3143 inquo
1091 3076 1169 3125 scriba

145 3175 199 3231 ptas
208 3165 414 3212 commentationes
423 3165 550 3230 pepererit.
560 3162 640 3212 Subti·
671 3179 764 3212 versum
775 3164 879 3230 aliquem
887 3182 934 3212 non
945 3165 1058 3212 omiserit.
1072 3166 1117 3228 Qui
1131 3181 1168 3212 er-

145 3251 188 3315 lis,
205 3253 298 3318 inquit,
316 3261 341 3300 et
355 3261 438 3299 cautus
447 3267 474 3298 ac
491 3249 596 3298 difficilis
612 3250 637 3296 in
669 3265 721 3310 ror,
739 3248 783 3296 ubi
796 3247 942 3314 aliquamdiu
958 3249 1045 3311 latuit,
1062 3250 1088 3297 in
1107 3266 1169 3297 mar·

146 3338 234 3388 verbis>
252 3338 417 3400 admittendis,
445 3329 497 3385 Hoc
522 3333 639 3401 (verbum)
673 3337 728 3400 gine
739 3333 839 3383 demum
861 3337 1001 3402 corrigitur:
1022 3334 1066 3383 ubi
1081 3337 1163 3384 statim

143 3435 223 3491 amet,
241 3429 284 3475 hoe
298 3435 415 3491 speretur:
431 3427 477 3474 hoc
492 3435 520 3473 ut
538 3423 638 3489 probum
671 3422 830 3489 deprehensus
844 3433 893 3486 est,
907 3439 987 3472 versus
1002 3433 1069 3471 extra
1081 3423 1167 3471 seriem

143 3515 258 3579 recipiat,
281 3512 343 3563 iilud
362 3526 390 3564 nt
405 3515 487 3564 κακοῦ
503 3513 638 3571 κόμματος
670 3508 797 3566 scribitur;
822 3519 846 3557 et
864 3509 972 3559 literulis
989 3511 1027 3558 AB
1052 3509 1083 3559 ad
1099 3525 1165 3557 suam

144 3605 256 3671 repudiet
281 3612 352 3669 atque
374 3600 486 3661 abiiciat‚
511 3607 639 3660 utcumque
672 3593 751 3643 sedem
772 3593 915 3643 revocandus
938 3606 1050 3666 notatur;
1073 3595 1167 3643 scilicet

143 3690 255 3759 populari
274 3707 318 3737 usu
335 3689 403 3755 qnasi
419 3679 514 3734 civitate
532 3683 640 3732 donetur.
674 3697 704 3730 ne
718 3680 806 3729 librum
822 3682 929 3731 venalem
943 3693 984 3732 aut
998 3681 1104 3731 mercede
1124 3680 1165 3755 de-

143 3777 182 3825 Sic
196 3784 221 3823 et
237 3775 309 3839 Epist.
330 3773 360 3822 ad
372 3774 465 3821 Fiorum
482 3771 518 3832 11,
532 3782 563 3831 Π,
581 3770 636 3816 109,
670 3768 870 3832 scriptum⁴litura
884 3767 1031 3818 dehonestet.
1048 3767 1093 3815 Ubi
1108 3783 1164 3816 vcro

142 3865 180 3914 At
212 3864 256 3927 qni
280 3863 419 3927 legitimum
442 3863 526 3924 cupiet
541 3859 636 3920 secisse
668 3851 714 3905 hae
727 3859 865 3923 inmergine
878 3855 989 3905 literulae
1002 3854 1164 3920 negleguntur

138 3968 242 4019 poento,
267 3951 327 4014 enm
352 3949 444 3996 taionis
466 3949 576 3995 animun
595 3961 635 3992 sn·
667 3938 710 3992 ant
731 3938 893 4000 evanescente
907 3958 934 3990 eo
949 3934 1044 3990 tandem
1068 3958 1106 3990 res
1121 3957 1162 3990 ve·

141 4045 193 4086 met
203 4038 312 4086 canoris
325 4035 433 4084 honesti:
445 4033 552 4080 Audebit
565 4046 635 4095 qnae·
666 4032 775 4093 nit„nt
795 4029 865 4095 longo
889 4029 1001 4094 temporis
1028 4038 1107 4078 tractu
1133 4029 1163 4078 li·

140 4141 240 4190 cnnqee
249 4140 341 4190 parum
353 4119 492 4187 splendoris
505 4119 634 4180 iebebnnt,
667 4115 742 4166 bracii
758 4119 828 4167 unius
841 4120 927 4167 erratio
943 4108 987 4183 per
999 4120 1077 4167 omnia
1094 4117 1161 4167 dein-
