2752 4844
203 425 259 486 132
463 424 673 486 nouttll
706 418 950 485 urls'tott

225 628 297 698 Aut
315 627 463 698 'humana
488 648 608 722 parum
630 627 718 696 eavit
737 634 867 703 natura.
892 627 983 715 Quid
1006 649 1086 719 ergo
1108 622 1187 695 est?

228 748 289 836 Ut,
314 747 458 842 scriptor
481 747 509 815 si
530 752 646 840 peccat
665 744 754 815 idem
780 744 938 815 librarius
964 768 1089 838 usque,

224 865 385 954 Quamvis
408 873 458 934 est
477 865 644 954 monitus,
666 865 762 934 venia
782 872 890 951 curete
916 875 950 935 ct
971 863 1185 935 citharoedus

225 983 386 1073 Ridetur‚
415 982 539 1053 chorda
562 983 622 1075 qui
647 1005 780 1076 semper
804 982 939 1052 oberrat
959 983 1090 1054 eadem:

224 1102 280 1172 Sic
300 1101 403 1193 mihi,
428 1102 488 1194 qni
512 1100 661 1170 muitum
686 1108 808 1190 cessat,
833 1101 873 1171 fit
898 1101 1074 1173 Choerilus
1098 1100 1176 1190 ille,

190 1383 275 1430 voces,
303 1373 334 1414 ot
354 1365 455 1414 chordae
474 1367 685 1428 metiamtur,
718 1365 795 1429 dices,
810 1377 835 1415 et
851 1383 880 1415 ex
893 1368 979 1417 nostris
990 1366 1218 1431 colbertinnsfflat-

179 1468 250 1517 *quoe
268 1453 302 1500 od
316 1467 429 1515 querique
450 1458 544 1500 tactum
560 1452 687 1516 responde-
718 1452 834 1515 telianus‚
846 1462 869 1500 et
883 1468 926 1518 pro
942 1455 1007 1502 varia
1020 1453 1122 1500 lectione
1136 1453 1217 1518 Vigor-

178 1546 249 1601 τινα,
272 1545 363 1600 acuta,
384 1539 488 1603 gravis,
506 1539 572 1599 cita,
592 1538 684 1600 tardo,
717 1539 818 1586 niensis:
839 1540 871 1586 Ut
883 1541 991 1603 scriptor
1008 1541 1034 1586 si
1047 1547 1135 1604 peccat
1149 1540 1217 1586 idem

189 1640 292 1690 magna,
305 1639 395 1689 paroc.
719 1625 840 1672 librarius
848 1641 935 1688 cuque,
954 1626 1072 1683 Quamvis
1085 1632 1124 1673 est
1138 1629 1217 1672 morri·

190 1701 192 1709 ¹
219 1710 273 1759 Aut
288 1710 394 1758 humana
404 1709 571 1773 pammcave't
583 1715 682 1757 natura.
717 1716 772 1771 tus,
781 1711 855 1757 venia
868 1717 937 1757 caret
944 1731 955 1770 ,-
965 1718 996 1758 art
1006 1712 1161 1758 citharoedus
1168 1712 1217 1758 rri-

189 1796 258 1854 Quia
271 1792 349 1861 ergo?
366 1793 459 1842 Codices
477 1805 502 1842 et
517 1796 593 1843 nostri
606 1811 685 1843 omnes
717 1795 804 1856 detur,
834 1796 922 1843 chordo
940 1797 984 1859 qui
1001 1811 1095 1861 semper
1118 1797 1216 1845 oberret

187 1892 212 1930 et
224 1881 338 1943 aliorum,
354 1889 383 1929 ut
399 1881 471 1929 etiarn
487 1879 602 1928 editiones
618 1882 684 1945 prin·
716 1881 805 1928 eom.
823 1882 893 1928 Miror
908 1882 1027 1930 neminem
1041 1899 1069 1930 ex
1084 1881 1216 1932 editoribus

186 1969 250 2032 cipes
270 1962 425 2015 toscheriana
446 1975 470 2013 et
490 1962 607 2026 Venetae,
631 1982 683 2012 ver·
714 1963 776 2012 huuc
807 1965 933 2015 lectionem
967 1967 1132 2032 praeripuisse.
1182 1969 1216 2016 Ut

184 2052 242 2100 bum
270 2051 442 2101 substantivum
470 2050 511 2099 hic
535 2049 680 2098 adsciscunt:
714 2051 816 2115 scriptor
839 2050 967 2115 librarius,
1002 2053 1034 2101 Ut
1055 2053 1213 2104 citharoedus.

183 2138 237 2187 Aut
257 2140 361 2186 huruuua
379 2153 471 2202 parum
491 2138 561 2184 eavit
583 2143 682 2184 rectura.
716 2136 772 2199 Quis
793 2154 842 2207 non
863 2139 951 2186 sentiat
966 2140 1097 2188 suaviorem
1114 2149 1139 2187 et
1153 2141 1214 2203 vivi-

184 2224 246 2287 quid
264 2239 322 2289 ergo
342 2220 402 2271 est?
426 2222 506 2288 Neque
522 2220 590 2270 video
609 2238 682 2270 cura
714 2220 804 2270 diorem
824 2225 878 2272 fieri
903 2227 1045 2288 orationem,
1062 2228 1082 2274 si
1100 2233 1130 2273 ut
1144 2243 1214 2292 repe-

182 2308 354 2358 recentioribus
371 2311 427 2358 eiici
447 2309 568 2357 meruerit.
601 2309 681 2357 Livius
714 2309 797 2358 tatur?
818 2309 855 2357 Sic
878 2309 938 2359 alibi
961 2312 1034 2375 Epist.
1054 2311 1082 2374 Ι,
1098 2324 1153 2374 m,
1171 2316 1212 2361 12.

183 2392 320 2459 XLIV&¹
345 2396 413 2452 Quid
427 2390 558 2458 ergoest?
569 2395 686 2457 primum
714 2409 745 2441 rio
756 2394 829 2454 sorte
845 2395 889 2442 suh
905 2397 1115 2459 alirFasciculum
1126 2405 1214 2461 portes

182 2498 198 2530 a
215 2482 380 2546 prudentibus
391 2479 505 2526 sumendi
520 2479 681 2542 imperotores
713 2479 843 2540 librorum,
868 2487 899 2527 ut
923 2482 1035 2527 rusticus
1050 2496 1154 2545 agrium,
1180 2484 1214 2531 Ut

182 2575 249 2616 sunt.
264 2564 343 2615 Cicero
358 2581 400 2630 pro
416 2564 524 2628 Quintio:
541 2564 608 2622 Quid
620 2579 677 2628 ergo
709 2567 795 2612 vinosa
827 2566 920 2629 glomos
949 2565 1068 2624 furtivae
1100 2568 1214 2630 Pyrrhia

181 2649 242 2700 ost?
263 2653 375 2717 pdmum
400 2649 545 2715 mgmrodo
565 2650 677 2713 periculi
709 2651 795 2711 hone,
824 2650 856 2697 Ut
876 2665 931 2697 casm
942 2652 1034 2715 pileolo
1056 2654 1135 2700 soleas
1155 2670 1211 2703 cors-

180 2748 226 2787 cet.
243 2737 348 2786 lterum:
366 2737 434 2795 Quid
445 2751 503 2800 ergo
515 2731 576 2783 est?
588 2736 676 2783 cumei
707 2736 932 2784 simondensis
948 2738 1021 2802 Epist.
1038 2739 1061 2800 1,
1075 2753 1102 2801 1,
1116 2742 1155 2788 20.
1177 2741 1210 2788 tu

178 2832 270 2871 notura
285 2824 355 2872 nisit
367 2823 457 2869 arelius
474 2830 521 2869 cet.
554 2821 582 2866 Et
605 2836 672 2868 mox:
705 2835 754 2867 ror
772 2822 951 2885 longequidus
971 2826 1094 2872 merrtitur
1113 2827 1209 2888 amica,

69 2922 76 2936 ⁶
179 2910 247 2968 Quid
269 2925 327 2974 ergo
346 2904 405 2957 est?
434 2921 516 2954 vereor
538 2907 673 2953 mehercule
706 2906 805 2970 diesque
820 2909 900 2956 Lento
916 2910 1034 2957 videntur
1049 2927 1108 2974 apres
1122 2911 1207 2959 deden-

178 3004 225 3044 cetz
242 2997 270 3042 Et
282 3010 374 3042 rursus:
393 2992 461 3051 Quid
474 3006 532 3056 ergo
547 2988 607 3038 est?
624 2992 673 3039 Ilo-
706 2993 789 3053 tibus5
821 3001 851 3041 art
872 2997 950 3059 piger
975 3012 1056 3044 annrrs
1079 2999 1207 3062 Popillio,

178 3080 259 3127 mines
273 3087 347 3127 erant
362 3080 392 3126 od
414 3079 456 3126 troc
474 3091 554 3124 murres
572 3077 676 3124 alienis-
707 3093 766 3141 quos
779 3078 841 3126 derra
853 3083 950 3143 promit
965 3083 1207 3132 mestods'amatrum.

178 3165 247 3212 simi,
271 3165 308 3213 Ita
323 3163 363 3212 hic
385 3173 409 3211 ct
427 3163 470 3211 alii
483 3163 577 3228 passim.
610 3162 677 3210 BEN·
708 3163 770 3211 Pone
783 3165 809 3211 in
822 3162 860 3212 his
877 3173 957 3230 etpro
970 3175 1014 3230 ut,
1038 3179 1062 3216 et
1076 3185 1159 3234 magna
1176 3185 1205 3217 ex

176 3249 281 3299 usulis,
707 3257 775 3313 parte
793 3249 829 3295 vis
854 3259 878 3297 et
898 3266 973 3300 venus
993 3256 1105 3302 orationis
1122 3270 1206 3302 evane-

207 3335 236 3384 In
248 3335 294 3384 MS.
303 3334 475 3383 Brenctmanni
491 3341 529 3383 est
544 3351 558 3383 a
571 3332 673 3383 secunda
705 3333 759 3382 scit.
773 3334 932 3385 BENTLEIYS.

174 3437 246 3471 mtuu
259 3419 374 3470 additum.
387 3421 419 3467 iit
432 3421 466 3467 sic
476 3419 558 3468 Graeci
571 3420 672 3485 loquun·
734 3419 780 3466 Sic
792 3421 870 3483 miti,
887 3424 931 3484 qni
942 3425 1048 3472 multum
1061 3433 1141 3472 cessat
1150 3461 1156 3487 ,
1166 3428 1206 3486 fit

172 3517 221 3559 tur.
236 3506 293 3556 Vide
305 3508 448 3572 interpretes
464 3504 494 3555 ad
509 3506 672 3570 dctadposto-
705 3503 833 3553 Circulos
845 3507 898 3555 itte.
912 3507 998 3557 Melius
1005 3508 1148 3574 distinguas:
1159 3511 1205 3560 Se'c

173 3592 250 3642 lorum
279 3591 347 3655 xx1,
374 3595 415 3640 22.
454 3591 482 3641 ei
511 3575 557 3640 asir
595 3589 669 3645 ioris
701 3591 783 3653 mihi,
800 3593 845 3654 qui
856 3593 961 3640 maritum
974 3601 1069 3656 cessat,
1078 3597 1116 3655 fit
1131 3596 1205 3645 Circe·

173 3680 278 3736 πάντως
305 3677 352 3727 δεῖ
376 3677 484 3743 πλῆθος
516 3673 669 3725 συνελθεῖν.
702 3676 783 3738 relus,
799 3678 858 3738 illc,
881 3678 956 3735 Quem
974 3680 1013 3729 tis
1032 3687 1099 3727 terve
1117 3682 1205 3730 donum

174 3764 217 3814 Pto
228 3780 333 3829 pamm,
349 3766 375 3812 in
396 3763 441 3811 MS.
462 3762 526 3810 Petri
544 3759 672 3824 Vlamingfl
703 3771 749 3810 cet.
761 3761 814 3810 Sive
827 3764 984 3828 interpretere
992 3764 1126 3830 Choerilus,
1143 3767 1200 3833 ille,

168 3858 286 3913 potrum,
315 3849 471 3915 incogitantia
494 3843 588 3894 librarii
613 3846 671 3895 scri·
702 3847 798 3912 ineptus
810 3847 919 3912 scilicet,
933 3849 1007 3915 probe
1021 3851 1202 3919 distinguendus

172 3937 255 3999 pm,
701 3930 731 3980 ab
740 3932 794 3981 aliis
806 3932 933 3993 Choerilis‚·
948 3938 1011 3999 sive,
1029 3937 1092 4005 quod
1100 3940 1199 4003 melius,

204 4018 414 4067 decimaretur
428 4017 545 4065 Itidetur.
562 4015 612 4063 Non
630 4022 669 4077 et,
702 4015 745 4064 ille
777 4017 869 4067 scilicet
895 4018 1029 4084 Choerilus,
1061 4025 1129 4072 cuius
1151 4034 1200 4072 tres

172 4100 265 4193 rudpret
285 4100 374 4150 habent
389 4100 498 4183 hubini
512 4098 608 4166 quidam
629 4099 669 4148 Go-
701 4110 794 4150 tuntum
815 4119 895 4152 versus
913 4103 970 4154 boni
991 4116 1054 4156 sunt.
1087 4109 1198 4158 Horatius
