2752 4844
555 372 615 433 ΑΒ
645 371 861 432 arsurus.
1155 328 1214 432 ros

193 551 277 599 stolam
305 551 370 600 mille
397 568 506 601 versuum
529 549 687 613 haberemus,
720 567 846 616 numquam
860 550 908 598 t'uit
917 550 1009 599 similis.
1023 550 1080 599 Vide
1092 550 1153 599 mibi
1163 568 1214 599 cae-

192 636 273 701 paullo
294 635 390 702 quidem
410 636 496 685 melius
514 652 584 684 sanae
602 637 688 685 rationi
719 623 784 693 teras
798 635 865 684 illius
881 635 1003 702 Epistulas.
1025 635 1143 686 Habemus
1157 654 1215 703 qua-

192 723 383 785 convenientem‚
402 721 443 770 sed
459 721 547 788 paullo.
572 721 687 769 Remanet
719 721 835 787 draginta.
852 722 879 770 ln
895 723 959 769 omni
973 721 1134 787 negligentia,
1148 733 1215 788 grata

190 822 282 872 semper
311 824 394 873 poenm
425 806 525 856 hominis
557 808 687 874 ignorantis
720 807 763 856 illa
779 823 806 856 ac
822 807 948 870 familiari,
964 807 1086 871 vinculum
1099 818 1123 856 et
1137 825 1217 857 conse-

189 892 248 958 qnid
263 893 340 956 velit,
357 895 399 960 qui
416 892 509 959 regulas
524 909 571 942 non
587 892 686 941 alteram
719 894 783 940 cutio
804 908 883 940 rerum
899 909 926 941 ac
944 891 1069 941 verborum
1084 905 1214 960 apparent:

189 993 220 1026 ex
238 977 313 1027 altera
331 979 443 1027 concinne
464 977 561 1027 deducit
580 987 604 1027 et
622 977 685 1026 deri·
717 977 811 1027 disserit
828 988 857 1026 ut
872 977 941 1026 homo
957 977 1040 1026 ductus
1056 988 1080 1027 ct
1096 980 1215 1044 prudens,

188 1072 243 1125 vat,
257 1062 299 1112 sed
311 1063 389 1112 subito
404 1073 428 1113 et
441 1073 529 1113 temere
542 1064 682 1129 proiiciens,
715 1073 800 1112 natura
808 1074 833 1112 et
841 1073 892 1112 arte
901 1063 1129 1128 paratus,disserere
1138 1066 1213 1128 solet,

187 1150 266 1197 omnia
278 1165 369 1197 sursum
385 1148 493 1197 deorsum
505 1149 645 1215 permiscet,
660 1159 684 1197 et
717 1158 742 1196 et
750 1148 815 1197 ultro
828 1147 941 1197 disserere
958 1149 1092 1214 impellitur
1101 1187 1108 1213 ,
1117 1168 1175 1213 nec,
1192 1155 1214 1200 si

187 1235 255 1299 quasi
264 1234 387 1299 epistolam
395 1250 424 1283 ex
433 1232 571 1282 centonibus
579 1234 684 1297 consuit,
717 1233 793 1296 velit,
811 1233 883 1283 aliter
891 1233 1004 1282 disserere
1018 1245 1105 1300 potest.
1127 1236 1172 1284 Gur
1188 1239 1214 1285 in

186 1335 258 1385 qnam
281 1336 336 1368 vere
359 1319 481 1385 appellare
503 1320 576 1385 possis
600 1318 683 1368 rudem
716 1319 1072 1385 caeterisEpistulisumnibus,
1089 1321 1212 1371 ubietiam

185 1405 372 1471 indigestamque
389 1406 540 1455 molemNec
556 1406 683 1454 banaian·
714 1407 788 1454 maior
811 1405 910 1455 libertas
933 1405 1050 1470 dabatur,
1077 1408 1210 1457 naturalem

184 1498 280 1540 staram
288 1492 413 1540 discordia
420 1493 516 1540 semino
523 1506 612 1540 renam.
621 1490 680 1554 Sed,
713 1489 843 1540 disserendi
863 1493 925 1540 viam
946 1509 973 1541 ac
989 1494 1104 1541 rationem
1121 1495 1211 1543 tenuis·

183 1578 265 1643 inquit
283 1577 340 1640 ille,
356 1576 402 1624 hoc
417 1579 495 1642 ipsum
512 1586 547 1625 est
562 1576 679 1641 Epistulae
711 1586 762 1640 set,
777 1577 803 1624 in
815 1576 919 1641 Epistola
935 1576 966 1624 ad
979 1577 1073 1626 Pisones
1085 1578 1156 1643 plane
1170 1579 1211 1628 de-

183 1665 314 1729 pruprium.
336 1661 424 1711 Scribis
438 1661 470 1710 ad
484 1664 598 1724 amicum,
615 1663 683 1727 quasi
715 1663 843 1711 sertdsseti’
859 1661 931 1728 Atqui
947 1661 1029 1711 intali
1042 1662 1142 1728 epistola
1155 1664 1211 1713 ordo
1272 1714 1276 1721 ,

183 1765 237 1797 cum
257 1765 285 1796 eo
305 1748 412 1814 loquare.
437 1745 545 1796 Ordinem
561 1745 682 1813 cogitandi
712 1748 821 1812 inprimis
833 1746 1007 1813 requirebatur.
1025 1748 1132 1812 Pisones,
1142 1760 1212 1815 pater

184 1843 210 1882 et
231 1835 335 1899 cogitata
351 1831 468 1882 efferendi
482 1850 530 1881 non
546 1842 594 1881 tam
611 1833 681 1882 anne
714 1841 739 1880 et
754 1831 815 1895 filii,
836 1842 904 1881 erant
920 1819 1036 1899 elegantis
1051 1834 1151 1899 ingenii.
1172 1835 1211 1883 il·

182 1918 346 1982 observamus,
359 1935 436 1984 neque
452 1917 517 1968 dicta
529 1917 618 1984 regulis
631 1917 681 1967 dia-
713 1928 751 1967 ter
763 1935 794 1968 ex
805 1917 877 1981 filiis,
890 1920 965 1967 maior
976 1929 1049 1982 natu,
1063 1921 1117 1969 fieri
1130 1923 1211 1986 cupie-

181 2004 275 2054 lecticis
295 2004 428 2070 alligamus.
449 2005 497 2052 Hoc
515 2014 680 2070 argumentum
709 2003 769 2068 bat,
799 2003 863 2070 quod
886 2005 932 2070 ipsi
955 2015 1040 2055 natura
1066 2018 1210 2072 negaverat,

180 2090 280 2156 plurimi
303 2091 447 2155 interpretes
467 2091 503 2139 ita
520 2100 678 2155 acceperunt,
711 2099 790 2154 poeta.
816 2090 885 2139 Pater
906 2092 1022 2157 aptiorem
1044 2092 1095 2140 t'oro
1117 2103 1142 2142 ct
1162 2094 1210 2143 elu-

182 2186 207 2225 et
220 2175 306 2238 bodie,
319 2177 346 2224 ni
358 2175 444 2238 fallor,
455 2191 535 2223 omnes
547 2176 679 2240 accipiunt,
712 2176 824 2240 quentiae
839 2174 945 2224 videbat.
965 2177 1041 2240 Quare
1057 2195 1072 2226 a
1087 2181 1153 2242 poesi
1169 2179 1209 2228 de-

179 2263 272 2310 utiam
292 2259 321 2309 de
343 2259 424 2309 ordine
444 2277 492 2308 non
507 2259 609 2325 amplius
625 2276 674 2308 esse
707 2259 897 2309 terrere'voluit.
920 2261 1030 2310 Horatius
1042 2262 1087 2311 hac
1103 2265 1207 2329 Epistola

179 2345 339 2414 quaerendum
352 2355 470 2395 censeant.
487 2344 599 2411 Equidem
612 2344 677 2394 haud
709 2344 834 2395 deterruit.
851 2346 891 2394 Est
905 2361 933 2395 ea
947 2346 1042 2413 quidem
1055 2348 1155 2397 similior
1167 2350 1208 2399 Sa-

178 2434 215 2483 ita
229 2447 321 2481 censeo.
344 2430 370 2479 Si
386 2431 496 2479 Horatius
511 2430 573 2478 hanc
588 2431 679 2496 Episto·
710 2431 785 2488 timer
810 2440 835 2479 et
858 2430 917 2480 mali
939 2441 1038 2498 poetae,
1068 2438 1208 2499 praesertim

176 2517 226 2567 lam
240 2515 344 2567 scribere
360 2514 481 2564 debuisset
496 2517 523 2565 in
540 2531 629 2564 summa
643 2516 679 2564 t'e-
710 2514 887 2580 adulescentes,
903 2519 991 2583 magis,
1008 2529 1036 2568 ut
1051 2520 1160 2585 videtur,
1177 2525 1210 2571 ri-

177 2604 320 2666 rtinatione,
342 2611 371 2650 ut
386 2599 454 2650 verbi
473 2617 567 2664 caussa,
589 2602 678 2649 niuno
710 2600 791 2650 dicula
808 2617 880 2667 quam
891 2619 973 2652 severa
985 2602 1143 2655 admonitione
1157 2617 1209 2656 tan-

177 2688 218 2739 die
241 2687 397 2750 absolvisset,
428 2687 480 2736 vita
503 2695 614 2752 ageretur
637 2685 675 2736 vel
708 2696 810 2752 guntur;
834 2685 875 2735 sed
895 2688 921 2736 in
941 2688 1019 2738 Satira
1044 2700 1124 2740 tamen
1139 2710 1208 2758 prue-

176 2773 245 2824 aliud
269 2783 330 2823 esset
349 2774 376 2821 in
397 2788 462 2821 mora
483 2771 616 2836 periculum
640 2774 676 2821 in·
708 2781 778 2838 cepta
810 2770 840 2821 de
869 2771 935 2821 Poesi
963 2775 1059 2839 egregia
1088 2780 1205 2842 exposuit.

176 2877 250 2926 gens,
275 2875 386 2909 excusare
411 2857 528 2922 potuisset
551 2857 673 2922 negligen·
705 2857 803 2922 Scripsit
832 2857 959 2923 Epistulam
988 2870 1073 2925 rogatu
1099 2861 1204 2925 Pisonis,

176 2947 249 3008 tiam,
269 2944 375 3010 manvia
397 2959 428 2991 ne
448 2943 483 2991 sic
504 2940 600 3007 quidem
622 2951 673 2990 tan-
704 2942 770 2991 lente
787 2952 812 2991 et
828 2944 885 2993 otio.
902 2943 960 2992 Nam
972 2960 1061 2994 summa
1075 2944 1204 2997 difficultas

176 3041 238 3080 tam..
251 3031 291 3078 Est
303 3031 352 3079 ita:
368 3030 394 3077 in
407 3026 508 3093 epistola
523 3028 591 3092 qaaasi
606 3043 674 3092 prae·
705 3044 815 3077 versuum
836 3027 897 3078 bene
919 3029 1104 3080 factitandomm
1125 3032 1205 3082 adole·

175 3126 255 3166 sentes
275 3131 328 3165 cum
343 3111 482 3163 absentibus
497 3113 579 3162 amieis
595 3113 674 3162 conia·
706 3115 783 3163 seenti
815 3113 945 3181 prudenter
974 3126 1025 3165 erat
1050 3118 1203 3169 ostendenda.

174 3202 295 3252 bulamur.
317 3200 363 3250 Sed
384 3200 424 3248 fac
441 3199 563 3249 Horatium
579 3197 609 3247 de
625 3198 671 3247 tali
702 3197 825 3254 Consuluit
840 3199 914 3249 libros
928 3202 1028 3252 Graecos
1038 3201 1067 3252 de
1081 3213 1132 3253 arte
1145 3208 1202 3255 scri-

173 3297 313 3355 argumento
328 3302 382 3336 cum
395 3283 517 3334 Pisonibus
529 3284 608 3333 subito
621 3285 672 3334 sine
703 3295 774 3351 ptos,
790 3286 937 3349 Aristotelis,
955 3296 993 3350 et,
1009 3289 1073 3354 qnod
1088 3306 1119 3339 ex
1131 3290 1202 3341 Subo-

174 3374 329 3424 meditations
345 3388 423 3421 curam
441 3371 514 3419 fuisse
534 3369 672 3419 confabula·
703 3371 780 3420 liastis
795 3373 959 3437 cognovimus,
976 3373 1140 3440 Neoptolemi,
1162 3395 1202 3427 cu-

174 3470 238 3518 tum;
247 3459 358 3509 Horatius
373 3472 466 3522 semper
477 3465 557 3521 partes
565 3458 672 3523 magistri
703 3457 746 3506 ius
761 3465 895 3522 perceptu
914 3461 944 3506 ia
964 3461 1028 3509 bunc
1043 3463 1134 3510 librum
1148 3479 1201 3511 oms-

174 3544 274 3611 agebat,
290 3544 410 3610 loquentis
426 3540 456 3591 de
469 3558 510 3603 re,
527 3557 597 3607 quam
610 3558 672 3614 unus
700 3545 797 3608 gessit:
809 3554 846 3607 et,
860 3545 881 3592 si
891 3546 1018 3610 Epistulam
1031 3548 1082 3612 ipse
1094 3564 1142 3596 non
1154 3558 1201 3596 sta·

175 3632 280 3678 omnium
296 3633 384 3695 optime
400 3625 568 3693 intelligebat,
584 3629 611 3677 in
626 3645 673 3694 qua
705 3631 749 3678 tim
766 3629 855 3692 edidit,
872 3641 951 3680 nmen
963 3633 989 3681 in
1002 3634 1105 3681 omnium
1118 3649 1201 3682 manus

173 3714 305 3764 nutnatne
327 3717 406 3764 vivens
425 3724 450 3763 et
465 3711 576 3762 habitans
592 3722 617 3761 ct
633 3730 670 3762 re·
701 3714 828 3782 aliquando
842 3733 891 3765 csse
904 3710 1027 3766 venturam
1039 3717 1137 3767 sciebat.
1155 3721 1200 3784 Qui

172 3816 260 3866 gnans,
285 3797 390 3850 ordinem
405 3800 474 3865 sequi
487 3798 601 3847 facillime
617 3808 670 3864 pot·
702 3801 797 3850 tandem
820 3800 878 3850 adco
901 3819 971 3851 sanae
992 3805 1078 3852 mentis
1092 3803 1200 3867 homini,

172 3886 224 3947 uit,
246 3900 316 3950 quem
332 3901 374 3933 sua
389 3886 437 3951 ipsi
455 3883 562 3933 doctriua
579 3893 603 3932 et
618 3900 670 3933 sen·
702 3903 732 3934 ne
749 3885 824 3935 dicam
841 3888 951 3950 Horatio,
968 3887 1013 3936 hoc
1028 3889 1054 3936 in
1067 3905 1118 3938 eam
1135 3908 1200 3940 men·

171 3987 212 4021 sus
232 3968 400 4020 monstrabant.
423 3969 463 4018 tel
484 3985 559 4018 sermo
579 3969 670 4018 Horatii
702 3981 750 4019 tem
763 3972 844 4020 venire
860 3973 953 4037 potuit,
965 3982 993 4021 nt
1008 3974 1034 4022 in
1050 3975 1096 4024 tali
1107 3993 1198 4040 caussa,

173 4055 342 4123 extemporalis
363 4054 419 4106 huic
440 4069 524 4104 arenae
539 4058 589 4104 sinc
607 4054 670 4105 ealce
703 4058 733 4106 iis
762 4055 904 4108 adiumentis
925 4069 949 4107 et
975 4060 1089 4126 exemplis
1112 4066 1200 4113 instru-
