2752 4844
221 396 261 458 92
484 397 697 458 HORATII
726 397 969 471 Eplstots

248 599 358 688 Quam
376 624 464 695 quae
484 608 563 670 sunt
584 599 690 671 oculis
717 598 866 669 subiecta
878 599 1051 692 fidelibus,
1071 611 1106 673 et
1120 626 1207 696 quae

248 717 323 813 lpse
348 719 410 790 sibi
433 719 534 788 tradit
553 725 732 813 spectator.
756 719 831 789 Non
852 727 965 789 tamen
986 721 1080 790 intus

217 993 414 1057 Liviosxxxtt,
430 996 470 1043 50.
495 997 548 1042 Eas
564 1011 631 1043 voces
644 998 711 1043 vetat
743 992 886 1059 ambignum.
921 993 1047 1040 Sndiioere
1069 992 1160 1053 oeulis,
1185 1000 1240 1039 ante
1313 999 1316 1003 ’

217 1081 312 1128 orando
329 1083 420 1128 missas
438 1083 467 1128 in
485 1089 588 1145 pectora
604 1084 709 1130 animos·
743 1081 822 1128 oeulos
840 1093 945 1144 ponere,
973 1078 1031 1126 adea
1058 1077 1163 1142 vulgaris
1190 1087 1241 1124 erat

216 1181 261 1230 qne
276 1167 444 1214 demitterent.
477 1166 543 1214 ovid.
558 1169 651 1214 Metam.
666 1168 711 1230 tx,
744 1165 863 1231 scribendi
876 1163 991 1226 formula,
1012 1173 1041 1211 ut
1058 1162 1152 1213 librarii
1164 1164 1241 1210 miuus

215 1253 273 1301 4⁶7.
307 1254 369 1316 Spes
391 1259 472 1300 tantan
494 1254 713 1300 obscoenosane'mo
745 1262 824 1300 notam
848 1251 887 1299 vel
912 1249 1073 1315 imprudentes
1097 1250 1241 1297 mutaverint

216 1339 347 1386 demittere
363 1353 410 1384 non
425 1346 465 1385 est
480 1339 549 1386 Auso
564 1346 618 1386 suot
628 1340 711 1387 lustin.
745 1340 771 1386 in
787 1338 941 1385 notissimam.
966 1335 1027 1382 Utile
1042 1344 1077 1382 est
1094 1352 1147 1383 eum
1162 1332 1241 1382 verbis

215 1423 281 1485 VIII,
295 1424 319 1470 5.
339 1423 434 1470 Crescit
447 1424 648 1472 dissimulatione
657 1426 713 1487 ipso
745 1423 837 1471 Horatii
853 1439 986 1487 comparare
1004 1421 1119 1469 Ciceronis
1139 1419 1169 1468 de
1187 1420 1242 1468 Ora·

214 1509 296 1571 dolor,
313 1510 354 1556 itae
366 1510 447 1571 attins
455 1509 589 1571 demissus,
606 1526 651 1573 qao
666 1511 712 1556 mi·
745 1509 894 1569 tore11,87.
921 1508 991 1554 Vidit
1002 1508 1067 1554 enim
1080 1507 1122 1553 itae
1132 1506 1241 1569 pmoden-
1266 1559 1269 1563 ,

169 1649 178 1668 ,
214 1595 389 1658 nasprtofitem'
403 1596 470 1643 ticet.
501 1595 576 1643 Valet.
597 1596 713 1643 Maximus
746 1603 785 1643 ter
797 1596 850 1642 eive
866 1594 1019 1656 Simonides,
1036 1592 1169 1640 moeotide
1184 1594 1242 1655 qais

215 1681 269 1742 ΙΙΙ,
285 1682 309 1727 3.
320 1680 390 1737 Quod
395 1689 554 1745 praeceptam
565 1684 712 1746 prirnaspe-
742 1683 855 1743 invenit,
879 1695 907 1727 ea
926 1681 1033 1726 nwadme
1048 1679 1142 1726 animis
1156 1677 1242 1742 effingi

214 1767 253 1814 eie
260 1766 373 1826 fortasse
386 1767 503 1814 callidum
519 1768 647 1830 videatur,
661 1770 713 1815 ini·
744 1768 852 1829 nostris,
869 1781 929 1829 qaae
941 1773 1023 1813 essent
1035 1780 1131 1812 deenen
1144 1764 1242 1812 tradita

214 1853 350 1914 minnnqne
363 1853 543 1915 einmliaitati5
552 1854 628 1901 sedsn'
638 1855 713 1900 attio-
744 1860 817 1915 atque
836 1853 974 1915 impressa:
997 1852 1144 1898 acerrimam
1158 1857 1241 1896 antem

214 1939 285 1986 mbae
298 1938 392 1984 animis
404 1939 526 2001 cogitatio
539 1939 646 1985 demissa
653 1939 713 1998 fne-
745 1953 776 1984 en·
802 1939 911 1985 omnibns
936 1938 1031 1985 nostris
1049 1936 1168 1983 'snasidas
1189 1950 1241 1983 esse

213 2025 267 2084 rit,
284 2038 404 2086 perquam
427 2024 492 2070 atita
513 2026 646 2086 reperitur.
680 2024 710 2070 Ut
741 2039 839 2071 sensam
847 2023 962 2070 videndi:
975 2022 1241 2086 qamresom'ttimeoni·

214 2118 295 2157 autem
311 2109 417 2156 demisso
435 2109 552 2174 etguifieat
569 2126 606 2157 res
622 2109 670 2158 alte
687 2112 712 2157 in
744 2125 782 2157 mo
799 2111 880 2157 teneri
894 2124 966 2173 paese
984 2124 1025 2171 ea,
1051 2123 1110 2172 qnae
1129 2109 1240 2172 parmpe-

215 2195 320 2243 animum
341 2197 433 2257 missas,
458 2197 493 2243 ita
515 2197 625 2244 sadiattes
640 2197 713 2261 sigui·
745 2204 834 2244 rentur
853 2197 955 2244 anridne
970 2203 1016 2245 ont
1032 2196 1198 2260 cogitatimee,
1215 2196 1242 2241 si

213 2282 283 2344 ficat,
305 2283 356 2344 sic,
374 2289 475 2345 temere,
502 2282 592 2329 leviter
607 2284 712 2344 missae,
746 2283 824 2330 etiam
840 2281 1241 2330 aanlornmeommandationeona'·

214 2375 355 2432 suggestas.
378 2369 517 2417 conferatur
537 2366 668 2416 Broukhus.
683 2366 714 2415 ad
745 2371 795 2416 mis
812 2369 976 2415 traderentur.
995 2366 1037 2415 ubi
1049 2369 1147 2414 sortasse
1157 2363 1242 2414 melius

215 2453 321 2516 Propert.
338 2453 363 2513 1,
380 2466 427 2514 vn,
444 2456 484 2501 20.
501 2454 577 2513 Haec,
589 2469 659 2517 quam
674 2470 713 2517 exj
744 2453 850 2518 legetur:
868 2455 961 2500 animis
968 2453 1052 2516 mytga
1067 2450 1132 2498 Idem
1145 2449 1174 2498 de
1188 2451 1242 2499 Ora-

213 2539 347 2602 posuimus,
369 2539 390 2584 si
410 2554 466 2585 vera
480 2547 516 2585 est
531 2539 662 2600 Latinitas,
684 2555 712 2587 aa
744 2547 795 2586 tore
813 2538 861 2599 ΙΙΙ,
874 2539 914 2585 41.
937 2539 1051 2585 Facilius
1068 2538 1134 2583 enim
1152 2537 1185 2584 od
1197 2553 1240 2600 eo,

213 2624 273 2671 seire
293 2621 365 2670 velim
381 2623 440 2688 quid
461 2623 605 2672 contradici
622 2625 709 2689 possit,
742 2639 803 2687 qnae
816 2625 884 2686 visa,
903 2638 975 2686 qnam
990 2623 1023 2670 od
1039 2623 1101 2685 tta,
1117 2638 1179 2685 qnae
1198 2639 1242 2671 aa·

214 2709 323 2756 Horatius
339 2710 480 2758 sententiam
496 2727 546 2758 eum
567 2719 666 2758 naturae
685 2719 710 2758 et
741 2711 798 2758 dita
818 2717 894 2771 sunt,
919 2703 1100 2756 mentis'oaadi
1111 2709 1240 2770 ferentur.

214 2812 284 2844 sanae
305 2796 393 2843 rationi
408 2806 579 2862 repugnantem
600 2796 710 2861 protulit.
743 2796 842 2859 Quintil.
861 2796 940 2849 instit.
963 2794 1025 2844 Orat.
1045 2796 1090 2858 IX,
1106 2797 1131 2843 4.
1165 2795 1243 2843 Nihil

204 2881 281 2934 ‚Nune
300 2883 362 2930 enim
380 2881 425 2929 hoe
444 2882 566 2930 docemur:
585 2883 630 2943 Ea,
648 2898 708 2947 quae
740 2884 839 2930 intrare
851 2890 937 2946 potest
954 2883 984 2929 in
1001 2883 1119 2944 ffeotae,
1135 2882 1197 2944 qaod
1210 2883 1241 2929 in

213 2985 258 3034 per
282 2968 426 3016 auditionem
451 2968 564 3016 altissime
580 2968 606 3015 in
623 2970 712 3016 animos
743 2984 817 3032 aare,
837 2955 906 3017 velat
923 2969 1024 3032 quodam
1038 2969 1171 3029 vestodalo,
1189 2974 1241 3015 etu-

215 3052 400 3116 deseenderunt,
427 3056 505 3102 minus
525 3054 615 3102 animas
638 3052 711 3101 affici·
744 3057 792 3102 tim
810 3054 921 3116 offendit.
936 3054 965 3102 Ut
981 3071 1023 3101 nos
1038 3052 1153 3102 voeabula
1166 3062 1241 3100 trans-

215 3147 272 3201 unt,
298 3154 368 3203 quam
386 3128 446 3205 quae
468 3157 511 3204 per
529 3139 609 3187 oeulos
628 3137 712 3186 fideles
744 3140 878 3204 posuimus,
899 3140 935 3186 ita
953 3139 1038 3188 vidisse
1054 3138 1149 3187 videtur
1170 3138 1242 3186 Naza-

215 3223 301 3271 leviter
310 3235 476 3288 suggeruntur.
494 3227 523 3272 Ut
533 3224 659 3273 rotundum
673 3241 711 3272 ac·
742 3226 792 3272 rius
803 3225 887 3289 Paneg.
899 3225 1018 3274 Constant.
1032 3225 1132 3289 Augusti
1141 3226 1181 3271 32.
1198 3225 1240 3271 In—

216 3309 289 3373 cipias
318 3319 492 3374 praeceptum,
519 3313 646 3376 participia
676 3313 710 3359 sio
742 3311 887 3379 sequebatur
896 3319 976 3358 tomen
990 3313 1239 3374 ndarioreeumgan-

215 3393 388 3459 transponenda
402 3404 469 3442 sunt:
484 3397 711 3460 Segndosa'rritont
743 3396 784 3443 dio
807 3397 891 3460 apside
916 3397 957 3463 rei
976 3397 1095 3458 fractae,
1122 3395 1193 3457 qaod.
1207 3396 1242 3443 od

213 3481 309 3528 animos
324 3481 434 3528 subiecta
449 3496 497 3544 per
516 3497 612 3545 aorem,
631 3483 709 3541 Quam
741 3483 851 3530 animam
865 3484 1011 3547 languidius
1031 3481 1161 3543 acaedam,
1178 3497 1240 3544 qima

214 3581 275 3630 oseae
290 3572 350 3614 eant
370 3567 447 3613 oeulis
463 3566 569 3614 demissa
584 3568 706 3622 fidelibus.
739 3570 839 3615 amrium
848 3570 1153 3630 vianmnont,qamnsqnoa
1163 3569 1240 3616 oeulis

215 3652 315 3718 Segnius
340 3652 436 3700 irritant
456 3652 561 3714 animos,
583 3669 643 3717 quae
665 3669 708 3717 per
740 3655 907 3701 isanrinntar:
928 3650 973 3700 hoe
995 3661 1044 3714 est,
1066 3667 1126 3716 quiae
1143 3663 1239 3701 manant

215 3755 297 3787 aurem
321 3736 427 3786 subiecta
448 3747 503 3785 saut
521 3740 618 3799 animis,
640 3754 711 3803 quam
743 3737 774 3786 ad
787 3741 889 3788 animum
898 3754 941 3802 per
954 3755 1037 3800 aures,
1052 3754 1121 3803 quam
1136 3738 1237 3804 quaeah

216 3826 317 3889 quaein
333 3824 422 3872 animm
435 3822 534 3871 demissa
544 3833 599 3871 suut
612 3821 642 3871 ab
657 3839 712 3872 oeu—
743 3826 821 3872 animo
837 3824 981 3872 hauriuntur
998 3840 1040 3887 per
1056 3824 1143 3873 oeulos.
1170 3827 1238 3872 Han-

215 3909 246 3957 lis
258 3909 377 3959 fidelibus.
395 3912 469 3958 Metro
482 3909 563 3972 dedit,
580 3920 607 3959 ut
624 3909 712 3958 dixerit
745 3912 798 3958 riri
807 3910 862 3975 plns
876 3919 911 3958 est
927 3925 997 3975 quam
1013 3926 1127 3973 ntanore,
1146 3920 1171 3958 et
1183 3913 1238 3958 oni·

214 3995 320 4042 demisso
336 3999 413 4044 oeulis
429 4013 471 4062 pro
485 4013 533 4062 per
548 3999 635 4045 malos.
666 3995 711 4043 Sed
742 4013 780 4044 mo
801 3998 903 4057 haurire
923 3996 1035 4061 Virgilius
1058 4006 1082 4044 et
1107 3997 1151 4044 alii
1171 3995 1238 4043 dixe-

215 4081 242 4129 in
263 4079 369 4128 missa
392 4084 469 4130 oeulis
491 4099 539 4130 non
563 4100 612 4130 esse
634 4091 712 4147 potest
744 4092 808 4131 runt.
825 4081 889 4129 adde
900 4083 1037 4130 Eumenium
1047 4099 1088 4146 pro
1099 4084 1156 4129 Inst.
1166 4080 1239 4129 Scho-
