2752 4844
538 357 845 460 aurisonis.
1143 394 1200 456 ior

162 616 166 622 ’
188 599 327 672 Valdiue
348 599 495 671 oblectat
515 600 684 695 populum
709 600 906 694 meliusque¹
922 604 1094 688 moratur,¹
1114 606 1196 668 321.
1259 574 1273 591 “

185 719 297 807 Quam
326 741 442 789 versus
470 720 586 814 inopes
607 742 720 789 rerum
744 740 921 812 nugaeque
941 739 1091 788 canoraes
1116 714 1196 788 322.

186 837 234 908 Ex
254 843 335 908 noto
356 835 475 908 fictum
497 861 631 908 carmen
655 861 794 930 sequar,
821 843 859 905 ut
881 833 1091 930 oibi'qnivio
1113 843 1195 905 240.

186 957 307 1050 Sperat
324 955 427 1047 idem,
448 956 545 1026 sudet
562 955 728 1046 multum,
751 953 944 1049 frustraque
963 952 1094 1023 laboret
1115 962 1197 1025 241.

174 1073 299 1149 ,Auens
319 1073 423 1145 idern:
446 1082 579 1145 tantum
600 1075 699 1145 series
719 1074 943 1166 iuncturaque
963 1072 1087 1166 pollet!
1115 1083 1206 1143 242·

186 1193 331 1264 Tantum
356 1190 532 1264 demedio
558 1193 677 1264 sumtis
701 1191 837 1264 accedet
860 1189 1025 1266 honorisl
1113 1200 1196 1262 243.

653 1379 738 1460 'vla

184 1546 279 1617 Tibia
297 1571 386 1638 non,
403 1556 442 1618 ut
459 1572 570 1638 nunc,
589 1548 758 1618 orichalco
777 1549 903 1638 vincta,
923 1545 1093 1639 tubaeque
1116 1554 1196 1616 202.

182 1654 342 1755 Aemula,
363 1665 421 1736 aed
438 1667 548 1736 tenuis
566 1667 774 1761 simplexque
792 1663 954 1735 foramine
968 1661 1096 1757 pauco,
1115 1673 1196 1735 203.

185 1780 367 1887 Adspirare
391 1794 425 1854 et
448 1784 572 1855 adesse·
587 1785 698 1855 choris
724 1791 795 1855 erat
820 1784 932 1872 utilia,
950 1790 1059 1875 atque
1108 1778 1199 1853 204.

184 1900 341 1973 Nondum
367 1903 476 1998 spissa
492 1905 591 1974 nimis
613 1903 781 1996 complere
803 1901 916 1972 sedilia
938 1899 1049 1986 ilatu3·
1116 1909 1197 1971 205.

83 2086 86 2090 ,
182 2019 360 2109 Quosque
384 2022 534 2117 populna
559 2021 795 2109 numerabilia,
822 2027 941 2114 utpote
963 2042 1087 2116 parvus
1114 2029 1195 2090 206.

182 2137 224 2208 Et
246 2138 352 2232 frugi,
378 2150 557 2233 castusque
582 2138 878 2232 verecundusque,
904 2138 1026 2208 coibat.
1113 2133 1196 2232 207.

174 2375 220 2424 que
231 2377 322 2426 param
335 2363 474 2426 splendoris
489 2365 621 2427 habebant,
636 2365 674 2412 Et
701 2372 831 2429 postquam
843 2362 991 2425 audierunt,
1000 2363 1068 2425 ¹qaia
1084 2377 1132 2409 000
1144 2363 1205 2409 term

173 2448 230 2496 aiae
248 2449 355 2512 pondere
376 2455 465 2511 arant,
489 2434 617 2497 ethonore
633 2452 672 2497 in·
704 2431 819 2498 00000000
839 2465 892 2497 erre
910 2451 971 2511 ecta,
993 2449 1037 2496 red
1059 2464 1125 2497 vera.
1159 2447 1214 2495 Ubi

172 2533 250 2598 digera
258 2533 391 2596 ferentur,
412 2535 487 2582 Verba
502 2551 595 2583 movere
613 2537 670 2584 ioco.
704 2534 853 2584 scribendum
870 2544 941 2600 puto:
968 2535 1038 2598 Noa,
1064 2535 1123 2596 qaia
1145 2535 1206 2581 0000

172 2619 312 2667 conseratur
332 2620 435 2684 Cuperus
451 2622 476 2668 in
492 2619 585 2670 Observ.
604 2621 628 2683 l,
645 2634 671 2670 11.
705 2621 821 2668 iudicaret
837 2637 888 2669 eece
907 2623 967 2682 tta,
989 2621 1033 2667 sed
1048 2635 1113 2668 vera.
1139 2618 1204 2667 Idem

206 2705 284 2762 Quam
297 2721 382 2752 000000
392 2708 476 2770 inopes
487 2722 569 2754 reram
582 2723 674 2772 megae-
706 2707 752 2768 xl,
769 2719 799 2768 11,
816 2707 856 2754 02.
873 2704 1049 2754 Adiioieredam
1061 2706 1139 2752 etiam
1152 2706 1204 2753 tre-

62 2851 66 2858 ·
171 2805 340 2854 qaeeanorae.
354 2791 432 2838 Cicero
447 2789 475 2838 de
492 2790 670 2854 Oratorelflz.
705 2794 772 2839 viter
784 2792 898 2853 videtur,
913 2790 1205 2853 quodferodiceadivir-

174 2876 242 2934 Quia
253 2883 291 2923 ert
304 2877 370 2923 enim
384 2884 435 2923 tam
440 2876 584 2939 furiarum,
599 2892 670 2940 quam
704 2885 771 2925 tutes
789 2877 975 2924 diversiceimae
991 2891 1039 2923 000
1051 2877 1130 2924 cotem
1144 2890 1203 2924 eaor

173 2962 297 3009 verborum
311 2962 505 3025 aeloptimorum
518 2970 670 3026 000000000-
702 2971 824 3011 amatores
848 2964 966 3024 habeant,
992 2963 1036 3010 red
1058 2963 1087 3008 ab
1111 2962 1203 3010 iisdem

171 3048 326 3096 tieaimorum
352 3048 450 3095 conitus
473 3049 573 3111 inertie,
599 3050 669 3096 arella
700 3064 772 3113 saepe
788 3049 933 3096 laedentur..
951 3046 1018 3094 Nam
1040 3047 1125 3096 Cicero
1146 3062 1202 3110 quo·

171 3134 282 3182 medioata
297 3133 423 3180 sententia
435 3148 478 3194 neo
491 3135 608 3183 amentia.
703 3135 757 3182 dom
772 3136 821 3182 tace
833 3134 936 3195 aeribit,
953 3133 983 3181 id
998 3147 1050 3181 ecee
1066 3135 1200 3197 optimum,

205 3221 294 3284 Sperat
309 3219 392 3280 idem,
402 3219 474 3266 cadet
483 3221 600 3282 maltam,
607 3220 668 3281 ftu-
699 3221 762 3283 qaod
774 3236 828 3266 cam
844 3227 870 3267 to
879 3219 961 3279 facile
974 3219 1111 3267 credideris
1121 3235 1202 3267 canee-

171 3313 271 3369 etraqae
285 3306 384 3352 utam
401 3305 500 3368 Quintil.
515 3306 594 3354 lnstlt.
603 3306 665 3354 Orat.
700 3307 744 3368 qui
768 3305 926 3368 imitatione,
952 3320 1001 3352 000
1019 3306 1109 3369 poeria.
1142 3306 1202 3354 Atto

172 3391 218 3454 10,
235 3405 266 3454 n,
279 3393 321 3440 ³8.
347 3392 408 3438 Item
425 3391 537 3438 indicare
553 3392 673 3439 emmonis
706 3393 775 3453 aare,
792 3407 840 3438 000
857 3407 884 3438 ne
901 3391 932 3438 id
947 3392 1045 3455 egisse,
1062 3399 1093 3438 at
1108 3393 1148 3438 ite
1164 3390 1202 3438 di-

130 3499 131 3503 ,
172 3477 316 3540 quotidiani
332 3483 358 3523 et
376 3476 406 3522 ire
424 3479 584 3538 quemcrmqaa
598 3478 675 3524 etiam
695 3485 793 3539 aeret,
816 3459 928 3538 quomodo
951 3491 977 3524 ee
1003 3477 1109 3540 quilibet
1129 3491 1204 3540 poree

173 3562 327 3611 indoctorum
364 3561 476 3610 redeatis
490 3565 491 3568 ’
508 3562 671 3610 existimant:
704 3563 848 3625 corfideret,
865 3563 909 3610 eod
923 3563 1036 3626 quemodo
1051 3578 1136 3611 neme..

173 3662 227 3693 aum
241 3648 363 3710 interim,
380 3647 442 3710 qaod
458 3654 580 3708 tamquam
588 3647 670 3708 facile
736 3649 843 3696 Tantum
859 3648 888 3695 de
903 3648 983 3695 medio
998 3649 1090 3695 sumtis
1105 3646 1203 3696 accedet

171 3738 344 3794 cmtemnarrt,
358 3734 471 3794 neeriae,
483 3740 614 3796 praestare
624 3734 671 3780 mi·
703 3735 813 3783 0000000.4
824 3725 985 3797 Quintilianus
994 3733 1020 3781 in
1032 3731 1203 3781 1000000000-

111 3823 114 3827 '
172 3833 221 3865 aar
234 3818 326 3878 velient,
343 3818 495 3881 crepuerint.
506 3819 591 3880 Neque
604 3819 669 3866 enim
702 3819 889 3881 tor.l'‚v11,3l.
911 3819 994 3866 Verbis
1009 3834 1081 3881 qaam
1093 3819 1203 3867 marimo

172 3902 245 3950 aliud
257 3903 443 3965 ineloquentia,
457 3911 545 3951 carecta
558 3906 673 3968 experti,
702 3920 733 3952 00
747 3905 826 3952 media
841 3896 946 3966 edentia,
962 3910 1005 3966 at,
1023 3906 1067 3966 qai
1081 3912 1207 3970 rogatur,

172 3988 305 4053 difficilius
320 3989 457 4052 reperient,
473 4004 543 4050 qaam
557 3990 598 4052 id,
613 3990 675 4052 qaod
704 3990 851 4055 intelliget,
878 3997 924 4037 eat
949 4004 980 4037 00
1008 3991 1152 4057 intelligere
1176 4005 1203 4040 ee

174 4091 201 4123 ee
225 4072 436 4134 detumescere
460 4089 540 4123 arnaco
558 4082 669 4139 putaret,
702 4081 782 4140 neget.
869 4058 872 4066 ’
