2752 4844
27 392 67 453 so
289 360 502 448 uoulru
533 386 780 450 nemaeus

56 591 205 681 sessuri,
230 588 337 659 donec
362 594 500 680 centor,
524 611 584 658 ros
604 588 777 683 plaudite,
802 590 909 662 dieat:

24 815 121 863 dieram
136 829 225 876 quoque
233 814 362 860 licentiam
369 819 395 859 et
404 811 524 871 fautores
555 822 603 860 tem
620 813 687 860 favor
698 812 746 860 iam
761 821 846 876 tenet,
865 812 924 862 adeo
938 824 967 861 ut
982 813 1013 862 ab
1032 830 1061 861 eo

26 900 177 948 histrionum
192 899 261 945 velut
274 899 303 944 iu
314 899 412 961 proelia
428 913 526 944 eonver-
558 907 628 963 poeta
646 914 766 963 nunquam
779 899 907 947 veritatem
921 901 1062 964 cogniturus

29 986 73 1032 tit.
90 985 117 1031 Et
133 988 219 1031 iterum
228 985 267 1031 28.
287 983 356 1040 Quod
368 984 523 1031 immodestos
555 986 594 1032 sit.
617 983 756 1048 Requiritur
779 985 895 1047 auditor,
917 987 969 1033 sine
991 1001 1061 1050 prae·

21 1070 141 1132 fautores
161 1071 312 1117 histrionum
336 1075 362 1114 et
382 1084 399 1114 u
411 1076 529 1131 praetore
560 1068 665 1117 iudicata
690 1069 818 1132 opinione,
836 1071 862 1118 in
881 1080 992 1119 neutram
1009 1087 1065 1136 par-

29 1157 59 1203 ia
82 1156 181 1202 uiueula
201 1155 285 1201 ductos
307 1154 422 1199 tribuous
444 1157 532 1202 ornitti
563 1164 610 1202 tem
633 1164 777 1216 commotus,
804 1155 892 1220 quide
909 1155 1065 1206 fabulaacta

30 1242 156 1290 irtssisset.
173 1239 252 1287 Cicero
266 1256 307 1304 pro
321 1238 404 1286 Roscio
417 1238 529 1288 comoedo
562 1240 669 1302 iudicat,
687 1256 738 1288 eam
755 1238 854 1304 probat,
871 1241 938 1290 sedet
951 1241 983 1290 ad
993 1245 1066 1306 plau·

32 1345 54 1378 c.
69 1329 108 1374 tu
127 1316 196 1382 Quod
209 1326 320 1372 studium
336 1332 362 1371 et
377 1340 447 1387 quoru
454 1326 528 1385 sovo-
560 1327 627 1387 dite,
645 1336 669 1373 et
683 1342 697 1372 a
711 1336 805 1374 cantore
814 1336 925 1391 rogatus,
939 1345 969 1376 ex
986 1330 1065 1376 animo

32 1429 84 1461 rem
105 1427 184 1458 secum
200 1413 228 1457 iu
247 1426 342 1458 menam
355 1412 448 1458 attulit
465 1413 531 1460 Pau·
564 1410 665 1477 plaudit.
683 1412 759 1477 atque
777 1411 855 1474 hanc,
877 1414 949 1460 unice
969 1430 1065 1477 veram,

35 1494 134 1564 urgeas?
157 1497 225 1554 Quod
241 1497 402 1556 Rosciifuit
423 1497 532 1561 discipu·
564 1497 705 1546 sententiam
749 1498 911 1546 nanciscemur
950 1499 1068 1548 facillima

37 1587 90 1647 lus,
107 1584 151 1646 qut'
164 1583 303 1648 diligebant
312 1584 388 1644 tom,
406 1584 452 1629 illd
460 1583 534 1644 fave·
567 1581 744 1644 emendatione,
761 1600 803 1646 pro
817 1583 993 1632 slttttsoltls
1010 1588 1068 1633 sori-

37 1673 102 1720 baat.
127 1668 257 1734 Appuleius
281 1670 307 1716 in
333 1667 443 1716 Floridis:
472 1671 533 1717 Cum
563 1668 647 1720 bentes
663 1668 856 1731 spectamus,
880 1679 906 1718 et
929 1687 1011 1719 versus
1032 1672 1069 1720 ita
1144 1689 1148 1695 ·

32 1758 128 1824 prinde
146 1757 188 1803 boo
209 1756 366 1819 spectandum
384 1769 450 1817 esse,
474 1755 536 1818 quid
566 1764 758 1819 transponentes:
775 1756 931 1818 Spectatoris
943 1772 1014 1821 eges,
1026 1773 1070 1806 ou·

36 1848 67 1894 e'u
97 1845 192 1892 theatro
221 1841 402 1906 deprehendas:
426 1856 484 1887 uam
509 1843 535 1888 si
568 1842 622 1888 laea
643 1840 786 1902 resumtis,
809 1848 836 1888 et
857 1857 932 1904 usqua
949 1844 1068 1906 Sessare',

40 1935 135 1983 Mimas
151 1937 203 1991 est,
220 1930 326 1988 riserts5
348 1929 374 1974 si
387 1927 537 1990 fuairepus,
570 1927 642 1973 donee
657 1932 761 1987 cautor,
778 1942 821 1974 vos
832 1928 964 1990 plaudite,
979 1926 1072 1977 dieat?

41 2017 209 2076 dmuatsmt'
224 2013 350 2063 Comoedia
361 2018 413 2074 est,
422 2011 538 2071 fareris5
573 2013 610 2059 Tu
639 2010 700 2072 quid
719 2025 780 2074 ego,
806 2018 832 2058 et
851 2015 958 2076 populus
978 2029 1073 2062 mecum

16 2106 28 2121 ”
41 2109 67 2155 si
91 2103 268 2167 Philosophus,
301 2098 428 2148 didiceris.
473 2097 539 2144 BEN·
571 2096 707 2157 desideret,
721 2097 790 2144 ouds'.
808 2096 832 2145 Si
845 2108 1017 2162 spectatorem,
1035 2100 1073 2148 fa-

41 2191 145 2242 rmus,
507 2206 510 2210 ·
573 2180 643 2230 bulas
667 2191 720 2229 tuas
738 2198 793 2230 rere
812 2182 964 2233 laudaturum
989 2187 1072 2250 cupis,

75 2280 118 2328 Per
126 2275 311 2325 emendationem
324 2271 485 2319 Bentleianam
493 2268 538 2317 hoc
570 2267 640 2331 audi,
663 2266 720 2333 quid
738 2284 780 2333 ego
800 2277 825 2316 et
842 2270 961 2335 populus,
988 2287 1031 2336 ego
1048 2281 1075 2318 et

43 2376 136 2416 tantum
150 2362 307 2428 profecimus,
321 2368 349 2405 ut
362 2358 457 2422 ingrata
473 2372 541 2420 repe·
573 2364 653 2420 patres
672 2354 825 2418 equitesque,
849 2371 892 2419 ego
915 2367 940 2402 et
961 2356 1004 2404 alii
1025 2373 1075 2404 me·

45 2453 99 2501 titio
109 2449 238 2514 plausores
250 2446 335 2493 sessuri
342 2458 416 2507 usque
431 2440 461 2489 ad
465 2442 539 2504 plau·
572 2456 625 2488 cum
634 2437 776 2486 desiderent.
790 2438 940 2502 Spectatores
952 2441 1075 2491 interdum

47 2539 101 2586 dite
113 2551 160 2582 non
174 2530 276 2594 amplius
284 2536 404 2593 appareat.
422 2527 544 2574 Caeterum
577 2523 672 2591 quidem
687 2523 713 2570 in
730 2521 850 2588 prioribus
866 2523 958 2573 actibus
973 2528 1077 2576 nonnul-

46 2637 123 2687 neque
133 2621 236 2684 plausor
254 2630 330 2680 neque
339 2614 430 2675 fautor
450 2622 544 2660 senten·
576 2611 611 2658 les
640 2625 720 2657 vesus
746 2607 832 2672 plausu
863 2611 1076 2677 prosequebantur.

48 2710 99 2763 ,tiae
115 2705 163 2754 loci
176 2703 292 2752 convenit.
304 2701 394 2749 Hocita
403 2699 543 2748 demonstro.
575 2696 631 2744 Cum
649 2697 675 2744 in
692 2693 776 2743 fabula
794 2695 889 2744 Pacuvii
905 2698 1005 2764 Pylades
1023 2701 1078 2749 Ore-

49 2795 135 2862 Agitur
150 2791 190 2840 hic
208 2788 238 2839 de
256 2786 334 2837 iudice
356 2783 491 2852 tragoediae
507 2785 544 2832 in-
575 2792 635 2830 stem
648 2797 672 2828 se
688 2797 737 2829 esse
751 2778 856 2844 diceret,
870 2792 898 2831 ut
911 2778 1079 2834 narratCicero

51 2893 118 2948 sagro
137 2888 162 2928 ct
179 2879 328 2939 incorrupto,
347 2873 403 2938 qui,
421 2869 479 2936 quid
495 2885 546 2917 seu·
578 2865 608 2916 de
623 2865 734 2915 Amicitia
756 2883 807 2932 cap.
823 2869 853 2930 t,
875 2869 967 2918 Orestes
985 2881 1078 2933 autem,

51 2971 111 3031 stat,
128 2983 175 3013 non
188 2963 266 3029 aperit
273 2961 350 3026 prius,
367 2972 437 3022 quam
449 2964 546 3002 rentum
578 2954 614 3002 ita
630 2962 738 3015 uteret,
764 2953 868 3002 Orestem
884 2971 908 3002 se
932 2973 980 3005 esse
1001 2973 1080 3022 perse·

52 3038 89 3102 est
103 3051 224 3101 adfinem.
238 3048 263 3095 Si
276 3041 397 3110 tragoedia
413 3041 458 3089 teli
473 3039 549 3087 iudici
580 3047 691 3100 vereret,
716 3048 806 3087 stantes
830 3040 978 3105 plaudebant
1004 3043 1031 3091 in
1053 3059 1080 3090 re

31 3184 33 3188 ,
52 3139 149 3206 placet,
166 3143 258 3196 manet,
276 3130 348 3179 donec
364 3128 448 3177 aulaea
461 3124 547 3175 tollan-
578 3126 643 3173 ficta.
660 3122 706 3171 Sed
731 3123 774 3172 hos
787 3116 888 3191 ¹plausus
906 3130 981 3193 magis
1003 3129 1083 3193 expri-

51 3235 111 3286 ειη,
135 3232 186 3270 tum
210 3216 312 3285 plaudit.
337 3217 382 3280 Qui
397 3216 500 3278 perosor
525 3221 549 3259 et
581 3207 661 3258 mahat
676 3210 860 3260 visnaturaeet
875 3215 997 3275 veritatis,
1011 3229 1083 3278 quam

46 3311 139 3374 fautor
154 3308 247 3366 intrat,
268 3301 370 3350 hicnon
384 3301 546 3363 incorruptum
578 3293 702 3343 admiratio
727 3296 825 3360 poetae:
851 3314 929 3363 neque
950 3297 1081 3347 Athenien-

53 3393 171 3446 iudicium
188 3389 273 3450 affert,
287 3385 328 3435 sed
339 3385 431 3433 auctori
442 3386 490 3433 iam
502 3392 549 3431 sta-
581 3396 634 3440 ses,
655 3378 771 3429 histrione
788 3381 878 3431 iambos
897 3399 927 3432 ex
943 3383 1084 3449 Amphiarao

56 3482 102 3530 tim
118 3480 197 3539 lavet,
212 3473 251 3523 rel
268 3470 298 3520 ab
312 3488 339 3518 eo
352 3468 492 3519 subornatus
500 3476 550 3530 est,
582 3463 695 3531 Aeschyli
710 3468 840 3530 recitante,
862 3467 893 3517 od
916 3470 969 3535 γὰρ
993 3468 1085 3520 deusto

58 3575 88 3615 ut
105 3566 192 3613 faveat.
226 3558 323 3607 Plautus
343 3556 360 3604 l.
375 3555 392 3605 l.
415 3554 460 3603 hoc
484 3562 553 3602 vocat
586 3550 704 3611 δίκαιος,
730 3550 789 3601 ἀλλ’
810 3543 880 3602 εἶναι
901 3554 995 3619 θέλει,
1018 3556 1087 3622 plau·

58 3653 171 3710 fautores
183 3648 315 3711 delegatos.
333 3643 366 3690 Ile
379 3640 463 3700 iisdem
479 3640 558 3687 Petro-
589 3636 684 3701 serunt,
697 3637 752 3700 secl,
768 3647 797 3686 ut
809 3637 893 3687 scribit
908 3641 1050 3691 Plutarchus
1060 3645 1087 3692 in

57 3740 115 3788 nius
130 3737 207 3802 Satyr.
227 3747 278 3796 cap.
294 3730 318 3776 ὅ.
335 3743 394 3776 uere
408 3728 512 3790 plausor
527 3726 556 3771 iu
587 3723 689 3772 Aristide
704 3725 794 3788 cap-3,
811 3725 912 3783 πάντες
924 3726 1087 3789 ἀπέβλεψαν

60 3840 133 3874 sceau
147 3822 230 3871 sedeat
250 3817 389 3876 redemtus,
406 3810 557 3860 histriouioe
590 3810 629 3866 εἷς
653 3807 844 3876 Ἀριστείδην,
868 3809 901 3870 ὡς
922 3813 1012 3878 ἐκείνῳ
1033 3815 1087 3874 μά.

61 3907 243 3958 odde'ctus.lem
252 3895 558 3968 quiplausorvenit,hunc
590 3895 669 3945 λιστα
689 3900 738 3960 τῆς
754 3894 852 3962 ἀρετῆς
867 3899 971 3963 ταύτης
987 3913 1088 3966 προση-

61 3992 95 4042 ad
114 3994 185 4041 finem
206 4003 383 4055 permansurum
399 4000 437 4031 res
457 3984 508 4047 ipsa
524 3980 559 4028 lo-
591 3981 693 4044 κοὺσης.
711 3980 808 4031 Plausus
823 3983 987 4035 reservabatur
1001 3983 1033 4033 ad
1049 4002 1089 4033 ex·

64 4078 158 4144 quitur:
173 4091 215 4142 an
218 4075 310 4134 fautor
320 4073 399 4132 venit,
416 4068 488 4116 huius
495 4083 559 4115 men·
591 4075 691 4115 tremum
714 4077 792 4117 actum
815 4071 912 4136 eiusque
928 4073 1008 4120 fincta
1032 4069 1089 4118 Ideo
