2752 4844
517 393 578 454 Ab
608 391 827 455 PISONES.
872 453 874 456 Α

193 595 233 667 In
256 593 366 668 verbis
385 594 488 664 eiiam
510 593 621 664 tenuis
641 600 831 691 cautusque
852 595 1027 686 serenda·

150 825 213 868 ‚rare
229 809 354 874 videntur,
371 812 414 876 qni
431 809 494 859 hunc
509 810 586 860 locum
601 820 651 861 tam
684 800 1180 880 eds'triagasiamnuncgmnmtaloaes?

158 915 229 963 prave
248 916 356 948 enarrare
373 899 497 947 sustinent.
518 897 564 963 Ego
580 914 650 961 vero,
684 897 750 961 Quod
758 897 788 946 ad
797 899 1027 976 exemplum,bunc,
1036 900 1065 951 de
1073 901 1120 968 quo
1129 905 1181 970 agi·

158 1003 229 1052 qnam
245 996 274 1033 ut
290 995 338 1034 tam
353 983 452 1034 absurda
469 994 493 1032 et
507 985 648 1036 ἀσύστατα
679 1001 745 1048 mus,
760 985 840 1034 locum
855 986 1061 1052 interpretaberis:
1084 988 1116 1037 Ut
1131 991 1180 1039 iant

158 1083 341 1135 commentarer,
365 1074 398 1121 sio
414 1076 494 1138 potius
517 1072 649 1138 distingue-
680 1069 743 1121 nuno
755 1073 838 1137 dieat,
859 1077 906 1122 iam
920 1090 983 1122 nuno
999 1074 1180 1124 dedentiads'ei

159 1175 223 1220 rem,
241 1151 434 1223 quemadmodum
448 1157 504 1205 olim
513 1155 650 1205 Lambinus:
685 1157 805 1221 Pleraque
826 1159 945 1221 dfferor,
968 1165 994 1206 et
1010 1173 1130 1223 praesens
1150 1162 1181 1208 in

162 1243 195 1290 Ut
216 1245 269 1290 iam
290 1259 352 1291 nurse
373 1246 442 1293 dieat
458 1247 510 1292 iam
530 1261 594 1293 nunc
615 1245 655 1294 de-
689 1254 783 1310 tempas
792 1246 1182 1310 mittat.bocest,ntinterdum

159 1329 242 1377 beotia
258 1331 328 1390 ἀίει)-
352 1332 472 1395 Pleraque
488 1332 608 1394 differat,
631 1339 658 1380 et
689 1330 753 1381 dicat
779 1333 871 1396 omnia,
900 1335 1028 1384 interdum
1052 1335 1183 1402 pleraque,

154 1431 273 1481 praesens
288 1418 319 1464 in
335 1425 430 1482 tempus
446 1420 557 1467 ornittat.
572 1418 653 1467 Serva·
685 1435 746 1483 quae
764 1418 883 1468 debebant
895 1418 943 1469 diei
954 1432 979 1470 et
992 1421 1022 1470 ad
1035 1422 1114 1470 locum
1127 1438 1183 1488 pere

157 1513 212 1567 tur,
229 1507 324 1570 inquit,
337 1517 417 1556 rectus
434 1507 490 1556 ordo
507 1519 531 1556 et
544 1508 651 1570 lucidus,
686 1508 809 1572 tinebant,
825 1508 925 1558 'differat
942 1513 968 1559 in
986 1509 1053 1558 aliud
1069 1519 1181 1575 tempus:

155 1593 239 1640 eiiam
252 1593 318 1641 diem
338 1604 400 1659 qu'ae
418 1594 483 1642 locus
497 1593 604 1659 postulat
625 1604 653 1643 ut
685 1612 715 1644 ne
737 1594 798 1642 mole
820 1593 914 1644 scilicet
930 1596 984 1645 τῶν
1001 1597 1181 1661 περιστάσεων

157 1681 204 1728 iam
225 1675 347 1727 dicantur:
373 1680 486 1745 pleraque
502 1697 574 1744 vero,
599 1682 652 1746 qui·
684 1680 800 1728 obruatur
815 1681 903 1745 lector,
920 1691 945 1730 et
959 1683 1101 1730 narrationis
1112 1681 1184 1729 fidum

155 1765 200 1815 bus
224 1768 317 1815 scilicet
341 1769 367 1814 in
383 1783 493 1831 praesens
514 1766 580 1814 locus
604 1784 651 1815 non
684 1770 786 1816 amittat.
804 1768 852 1815 Hoc
866 1770 886 1817 si
898 1771 952 1817 tum
966 1767 1054 1817 iudicio
1062 1770 1119 1831 fiet,
1133 1769 1184 1816 sina

157 1863 207 1917 est,
222 1855 247 1902 in
264 1862 358 1920 tempus
373 1853 440 1903 aliud
457 1864 481 1902 et
495 1855 575 1906 ,locum
590 1871 651 1903 com·
683 1855 791 1920 gularem
808 1857 908 1920 gratiam
920 1865 1084 1921 veneremque
1104 1856 1183 1903 concie

156 1940 284 1990 modiorem
301 1941 405 1990 differas.
422 1942 499 2006 Atque
515 1940 575 1990 baec
588 1937 652 1989 ordi·
683 1940 761 1990 liabit.
775 1940 825 1988 Iam
831 1957 886 1989 vero
895 1940 956 1989 illud
965 1952 1076 2006 quorsum
1085 1939 1184 1988 obsecro

156 2029 194 2075 nis
211 2028 285 2075 fuerit
302 2029 370 2093 quasi
388 2026 495 2076 definitio
520 2028 668 2094 generalist.
685 2027 836 2093 pertinebit?
857 2030 909 2077 Hoc
925 2028 1004 2092 amet,
1022 2031 1064 2078 boc
1080 2033 1184 2093 spernat

155 2114 240 2161 Noster
246 2131 301 2162 vero
311 2117 430 2162 metretam
442 2114 482 2161 hie
494 2113 611 2179 quandam
626 2123 650 2161 et
679 2116 802 2177 praemissi
817 2115 939 2162 caminia
954 2122 1047 2162 auctor.
1072 2115 1183 2162 Premit·

157 2194 265 2246 arcanam
277 2197 367 2246 ordinis
383 2209 493 2245 venerem
501 2197 604 2259 indicat,
617 2215 655 2244 re-
687 2215 741 2244 ssem
752 2215 845 2246 carmen
855 2209 902 2259 est,
919 2216 973 2246 nam
987 2211 1012 2246 et
1020 2211 1075 2248 sunt
1084 2203 1126 2265 qni
1137 2201 1184 2249 hoo

155 2284 273 2333 conditam
299 2284 393 2344 scilicet
411 2285 512 2349 gratiam
538 2293 562 2330 et
579 2296 652 2330 venu-
684 2284 888 2348 maleaccipiunt,
903 2284 966 2349 quod
978 2301 1087 2349 magnam
1096 2288 1133 2332 sui
1142 2281 1183 2334 ex-

158 2381 261 2434 statem,
276 2379 345 2418 caute
359 2387 403 2418 nee
414 2373 464 2418 sine
481 2368 589 2434 periculo
603 2378 655 2417 teu·
687 2373 857 2434 spectationem
866 2373 952 2418 movit:
963 2366 1067 2419 Iuvenal.
1077 2373 1131 2434 tlt,
1140 2375 1184 2422 8&

158 2458 265 2507 tandem:
290 2457 346 2507 inde
369 2467 405 2506 est
429 2457 492 2523 qnod
512 2455 594 2518 addit,
610 2453 656 2504 aret
690 2457 1083 2509 carrimraevoeemefeoondam
1096 2465 1184 2507 eteor-

157 2558 200 2608 ego
206 2544 294 2604 fallor.
312 2543 400 2607 aequi,
422 2543 443 2590 si
460 2539 600 2589 Lambiuum
617 2556 657 2588 se·v
686 2556 742 2588 aton
755 2543 848 2588 amicae
857 2542 1006 2605 Thebaidos,
1022 2545 1112 2591 laetam
1128 2546 1184 2594 mm

157 2631 250 2695 queris,
266 2628 331 2676 baud
346 2626 475 2676 verendum
492 2634 543 2673 erat
565 2634 593 2672 ut
607 2624 655 2672 fal-
679 2624 748 2686 feoit
773 2627 876 2674 Statirae
901 2628 984 2674 orbem
1014 2629 1185 2695 Prmnisitque

116 2713 118 2718 ’
156 2714 260 2763 leretur:
275 2715 322 2761 imo
334 2712 392 2761 adeo
400 2711 498 2777 planum
512 2719 650 2774 certumque
683 2710 757 2758 diem
773 2708 839 2758 alibi
855 2710 900 2758 hoo
911 2712 1019 2776 appellat
1032 2714 1115 2763 Noster
1124 2731 1182 2780 poc·

157 2809 207 2863 est,
236 2809 265 2847 nt
297 2815 327 2847 ne
356 2798 522 2864 praeceptione
555 2794 651 2862 quidem
683 2798 888 2862 malegilimram:
900 2799 973 2863 Epist.
990 2800 1129 2862 tt‚n,109.
1144 2799 1183 2852 At

157 2904 216 2953 opus
232 2888 271 2935 sit.
291 2884 352 2950 Quid
368 2885 461 2949 igitur?
472 2884 593 2931 Enimrero
606 2883 652 2931 fad·
684 2885 729 2948 qui
741 2886 883 2949 legitimum
894 2886 979 2948 cupiet
985 2885 1184 2954 fecissep'otrrtee

156 2973 242 3022 luntur
257 2972 298 3020 hie
314 2975 458 3036 interpretes
473 2970 499 3017 in
524 2969 652 3016 tritissimis
685 2968 734 3017 iam
742 2979 822 3019 autem
836 2971 891 3019 talis
900 2973 1014 3036 poematis
1022 2981 1105 3021 auctor
1113 2974 1180 3037 Hoc,

155 3060 206 3110 illis
228 3058 350 3108 vocabulis
369 3060 422 3106 iam
437 3065 515 3105 nano:
530 3072 591 3122 quae
605 3056 648 3105 ubi
680 3058 775 3123 inquit,
788 3061 920 3122 aeret,hec
933 3067 1041 3124 spernat.
1059 3061 1179 3124 Quaenam

115 3160 117 3164 '
156 3148 228 3198 semel
244 3149 356 3209 veniunt,
379 3161 489 3211 praesens
502 3149 595 3209 tempus
608 3141 650 3191 de·
681 3159 736 3191 raro
753 3146 871 3217 istasunt
880 3147 922 3193 boe
933 3155 958 3193 et
973 3143 1037 3192 boc?
1051 3146 1107 3194 Nam
1121 3155 1184 3196 eunt

156 3244 252 3294 notant3
274 3232 319 3282 uhi
334 3242 390 3281 vero
406 3239 562 3296 repetuntur,
588 3227 651 3277 idem
683 3229 726 3294 qui
747 3228 778 3276 ad
793 3229 959 3294 praecedentia
977 3234 1067 3281 referre
1084 3234 1186 3288 volunt,

157 3321 238 3370 valent
256 3339 282 3370 ac
298 3321 432 3369 interdum.
452 3320 480 3366 Et
496 3319 522 3366 in
537 3315 651 3381 simplici·
684 3316 757 3366 Amet
773 3317 862 3381 igitur,
876 3319 897 3366 si
913 3320 963 3383 vis,
981 3321 1028 3368 inm
1042 3320 1120 3369 dicere
1129 3323 1186 3371 iant·

157 3407 206 3457 bus*
219 3408 315 3474 quidem
328 3410 380 3455 iam
402 3415 427 3456 et
439 3421 504 3454 none
516 3403 555 3451 vel
571 3403 653 3468 pueris
685 3401 734 3450 dici
753 3400 864 3451 debentia
870 3420 881 3462 ;·
896 3403 938 3452 sed
953 3407 1016 3474 qnid'
1031 3417 1086 3471 est,
1097 3408 1181 3471 sodes,

155 3495 201 3546 hoe
213 3499 360 3546 notissimum
374 3504 419 3544 est:
434 3495 517 3543 Noster
530 3492 649 3555 serntt,
683 3491 746 3558 quod
772 3489 898 3556 speram?
923 3487 958 3543 bn
984 3506 1079 3561 spernat
1096 3499 1180 3560 plera·

156 3585 190 3643 2,
215 3590 240 3629 et
260 3582 332 3646 Epist.
351 3573 387 3643 N,
407 3583 429 3629 l.
462 3579 513 3636 Qut
530 3579 578 3626 iam
599 3593 653 3625 oon·
686 3575 865 3640 quedifferre?
880 3579 954 3645 atqui
967 3579 992 3629 id
1008 3584 1054 3630 sion
1071 3586 1180 3630 vetuerat

158 3675 243 3729 tento,
260 3668 306 3716 iam
320 3667 560 3728 leaosiene'ladorat..
583 3663 652 3712 Nune
684 3662 782 3726 Noster,
811 3662 853 3712 sed
882 3676 1048 3733 praeceperat:
1077 3684 1123 3716 non
1150 3676 1180 3716 ut

157 3752 652 3816 otteramneteotiiannncarsiteqao·
684 3751 858 3815 spontaneum,
887 3768 969 3804 verum
993 3763 1021 3801 nt
1048 3744 1182 3805 amendam?

145 3851 221 3891 'natm
238 3840 284 3889 Sed
297 3851 320 3888 et
335 3843 462 3908 composito
475 3842 604 3887 iamneae
617 3838 650 3886 sic
683 3848 848 3904 proposuerat
879 3840 1003 3889 Praeterea
1026 3837 1081 3886 ride
1111 3839 1185 3890 mod&

157 3930 236 3977 utitur
245 3928 348 3989 Persius,
362 3936 492 3992 perpetuus
506 3925 584 3972 Nostri
596 3924 649 3971 imi-
681 3925 766 3971 seriem
792 3933 817 3971 et
838 3927 1049 3975 constructionem:
1074 3916 1186 3978 Oratim

157 4024 230 4078 tator,
238 4013 348 4081 Satyri,
358 4015 413 4061 110.
423 4011 576 4060 Esmcdt'erts
585 4011 650 4072 voti,
684 4011 769 4057 virtue
784 4015 811 4056 et
823 4024 898 4058 ventes
913 4014 977 4074 erit,
989 4019 1020 4059 stt
1035 4002 1118 4061 auctor
1126 4019 1180 4079 pro'·

154 4109 241 4165 presso
252 4103 318 4163 lere,
328 4091 525 4148 dulciscma‘et's?
536 4097 656 4146 lamnunc
688 4097 753 4144 missi
778 4096 887 4144 carminis
909 4106 976 4148 astet
994 4091 1066 4162 itm—³
1078 4106 1184 4164 menta!
