2752 4844
547 396 607 456 hu
638 397 853 460 PISONES.
1146 394 1203 457 157

219 599 419 669 Transverso
443 597 571 668 calamo
596 599 747 691 signum,
776 599 948 672 ambitiosa
971 601 1095 673 recidet

185 820 269 880 udum,
286 819 465 881 ἀπεξεσμένα,
484 821 681 882 deuouit-euui-
713 825 781 870 lotus
803 823 898 874 dixerit.
924 826 980 874 Usus
1002 826 1064 873 cutm
1080 839 1206 889 sensusque

144 888 148 895 Ι
184 923 231 970 uu,
249 909 301 972 ipsa
316 923 360 972 per
371 925 396 956 se
413 907 576 956 excellentiam
592 908 681 972 signifi·
714 919 860 973 repugnant,
873 926 949 975 neque
959 910 1030 958 talem
1039 909 1152 975 loquendi
1159 926 1207 958 sar·

187 1000 249 1040 cant.
258 992 377 1058 Aristoph.
387 993 458 1059 Rauis
466 992 494 1040 de
502 992 613 1057 Euripide
623 995 678 1040 930.
713 996 816 1058 tagiuem
834 994 1004 1061 verborumque
1026 994 1096 1043 chaos
1112 996 1207 1060 patiun-

187 1076 214 1125 T
214 1079 244 1126 dr
268 1074 316 1137 μὲν
341 1078 449 1128 ἀστεῖόν
473 1097 500 1127 τι
522 1079 608 1141 λέγειν
633 1078 679 1125 καὶ
713 1088 766 1141 tur,
791 1089 819 1127 ut
836 1082 951 1128 contraria
972 1097 1065 1145 prorsus
1086 1081 1148 1128 inter
1164 1097 1206 1143 se,

185 1162 405 1229 uuueddvuquduou
413 1197 421 1222 ,
431 1164 557 1225 festivum
572 1164 634 1228 quid
653 1171 678 1211 ot
710 1165 819 1229 Frigido
830 1167 970 1230 iunguntur
985 1167 1089 1227 ualidis,
1110 1167 1207 1213 humen·

184 1250 305 1299 limatum.
320 1249 429 1315 Synesins
442 1252 468 1297 in
481 1250 567 1297 Dione:
586 1249 632 1296 καὶ
645 1251 677 1297 τὸ
713 1251 751 1297 tiu
772 1252 855 1298 sireis,
888 1250 966 1299 SentIs
985 1253 1065 1317 itaque
1086 1252 1132 1299 tam
1155 1260 1207 1300 tau·

184 1333 272 1398 λέγειν
285 1333 676 1400 καθῇραίτεκαὶάποσμιλεῦ-
708 1334 778 1397 dem,
804 1345 846 1383 aut
866 1335 928 1383 nihil
956 1337 1046 1399 sentis,
1072 1334 1206 1384 huiusmodi

183 1435 240 1479 σαι,
250 1421 679 1486 diotimtempurgareetsealpropo-
711 1420 782 1469 verba
795 1437 842 1469 non
856 1437 904 1470 esse
917 1421 971 1470 τῶν
985 1423 1080 1483 μέσων,
1095 1431 1122 1468 ut
1131 1438 1206 1486 gram·

184 1507 239 1554 lire.
248 1505 392 1555 Dioscorides
400 1507 480 1570 Epigr.
490 1505 677 1572 inhesehylum:
710 1507 792 1555 matiei
804 1516 901 1568 vocant,
919 1524 978 1573 quae
994 1510 1019 1555 in
1033 1509 1145 1556 utramvis
1153 1523 1206 1572 par-

182 1590 320 1656 Αἷσχυλος
357 1591 488 1650 dirimetur,
522 1589 678 1650 uaooutieu-
712 1600 759 1647 tem
773 1608 815 1639 seu
830 1591 914 1639 bonam
927 1591 1068 1641 sivemalam
1081 1592 1206 1657 flectiPos-

181 1694 218 1725 τα
240 1675 358 1743 χαράξας
376 1675 402 1724 Γ
401 1677 538 1742 ράμματα.
566 1676 605 1724 sie
621 1676 678 1724 olim
710 1677 770 1724 siut:
789 1686 813 1724 et
825 1686 854 1724 ut
862 1678 948 1725 nimius
958 1675 1101 1742 putidusque
1115 1677 1204 1739 suerit,

181 1771 245 1809 recte
281 1760 452 1809 emendavimus
484 1760 677 1824 usoouiiruru,
710 1763 753 1826 qui
775 1763 831 1808 dene
847 1770 972 1810 tornatum
987 1777 1082 1810 versum
1098 1761 1204 1825 diceret,

181 1861 240 1894 noue
253 1849 349 1911 sculpta
361 1848 441 1896 verbo.
458 1847 519 1910 Quin
533 1857 557 1895 et
570 1847 680 1895 similiter
711 1848 747 1894 ita
759 1847 859 1895 stultum
867 1846 937 1913 plane
950 1864 977 1895 ae
993 1846 1124 1897 dementem
1141 1848 1204 1911 sore,

181 1949 196 1979 a
217 1930 290 1980 fabris
308 1931 414 1997 lignariis
436 1942 546 1997 accepta,
571 1931 613 1980 sed
629 1942 677 1980 tra·
709 1933 752 1996 qui
767 1934 829 1980 mule
846 1941 978 1981 torrentum.
1003 1934 1108 1982 Facessat
1129 1935 1205 1999 igitur
1234 1935 1236 1939 ’

181 2015 252 2065 ducta
265 2015 391 2065 alioverha
400 2018 522 2080 eiulatus,
537 2019 678 2066 euuseiatus
709 2016 768 2079 hoe,
782 2016 844 2066 unde
857 2018 945 2066 malum
953 2017 1037 2084 pedem
1045 2029 1203 2083 promoverem
1221 2043 1225 2050 -

179 2103 283 2151 nativam
299 2112 438 2168 potestatem
458 2102 548 2169 ubique
567 2112 674 2164 servant,
709 2112 733 2150 et
754 2120 888 2152 revocemus
904 2103 999 2152 tandem
1015 2104 1153 2166 lectionem,
1169 2119 1205 2152 so·

179 2204 256 2252 neque
273 2204 371 2253 usquam
384 2189 416 2236 ud
432 2189 488 2235 hene
501 2197 543 2236 aut
556 2189 619 2235 mute
630 2186 677 2234 sihi
708 2187 756 2234 lam
763 2190 846 2253 utique
860 2189 955 2236 Horatio
971 2188 1081 2254 dignam,
1096 2190 1205 2238 Etmaie

180 2281 308 2321 assumunt.
328 2272 425 2320 Plautus
440 2273 503 2320 Asin.
519 2273 555 2335 11,
573 2276 597 2320 2.
622 2274 676 2321 Iam
709 2279 747 2318 tur
775 2280 848 2320 uatus
871 2275 958 2322 iuoudi
986 2275 1085 2322 reddere
1108 2289 1202 2324 versus.

179 2358 221 2405 troo
239 2374 298 2422 opus
313 2365 352 2406 est
370 2361 529 2406 eeusoiatum.
551 2357 629 2405 Cicero
645 2356 675 2405 ad
707 2357 816 2405 Contenti
829 2360 891 2406 enim
906 2360 991 2406 erimus
1003 2360 1091 2407 immede
1108 2376 1137 2408 ex
1153 2359 1204 2408 ofli-

178 2443 249 2492 Attio.
267 2444 336 2505 XIII,
350 2445 390 2492 47.
405 2445 514 2506 anuuo
525 2445 555 2490 iu
562 2443 675 2489 manibus
706 2458 737 2490 na
751 2441 834 2491 fabrili
846 2445 938 2508 petitu,
952 2447 1003 2492 sine
1019 2443 1083 2492 hello
1099 2444 1142 2492 illo
1156 2461 1203 2493 em·

178 2530 302 2591 habebam,
312 2529 406 2588 obieci,·
416 2529 478 2592 quod
484 2530 608 2590 iusseras,
623 2528 675 2575 edu
707 2525 810 2576 hlemate
820 2536 937 2578 tornatos.
953 2529 990 2578 Sic
999 2539 1023 2577 et
1031 2529 1124 2578 Ovidius
1131 2531 1201 2579 TrIst.

178 2617 238 2662 iuvi,
251 2615 321 2663 Varro
345 2615 466 2679 Bimargo,
487 2613 550 2679 apud
566 2614 674 2661 Nonium.
708 2615 735 2674 I,
750 2617 773 2662 7.
796 2614 911 2662 Abiorum
926 2617 1016 2663 modiis
1033 2632 1092 2679 opus
1110 2624 1148 2664 ost
1161 2618 1204 2664 iu·

179 2699 258 2756 Quum
284 2700 419 2762 Quintipor
433 2699 566 2747 Clodianus
581 2705 617 2745 tot
631 2698 674 2746 Uo·
706 2698 882 2746 rudibusillud
888 2717 896 2746 :
912 2700 1003 2760 Dffuit
1014 2708 1040 2748 et
1052 2702 1202 2765 scripserat

177 2786 283 2833 moedias
294 2785 516 2844 siueuilofeeerit
529 2785 617 2846 Musa,
631 2799 675 2848 ego
708 2785 770 2831 timo
794 2785 856 2831 lima
878 2787 948 2832 meis.
974 2784 1082 2835 Sidonius
1097 2785 1201 2851 hpollin.

179 2886 254 2918 uuum
276 2872 382 2918 l'delium
403 2886 450 2917 uon
471 2871 573 2930 odotem,
589 2876 621 2916 ut
635 2871 675 2916 uit
707 2869 754 2931 IX,
765 2871 802 2917 13.
820 2871 925 2918 Praeter
938 2872 979 2918 hoo
990 2872 1090 2935 porois,
1107 2878 1137 2918 ut
1152 2873 1202 2918 Ilo·

178 2953 304 3004 Ennius?
327 2957 432 3020 Denique
450 2957 475 3003 iu
493 2953 608 3016 ejusmodi
625 2955 672 3002 Me·
704 2955 1202 3020 rutiauaiuoudeformmtosAsoiepiaduos

178 3041 283 3106 taphoris
299 3056 312 3088 a
329 3042 410 3106 quavis
423 3057 448 3088 re
462 3041 544 3088 sumtis
558 3049 583 3087 et
598 3048 673 3087 trans·
706 3041 756 3088 tihi
772 3042 911 3104 quospiam,
935 3041 1022 3104 quihus
1037 3043 1106 3089 iuter
1122 3043 1201 3089 tideu-

175 3125 244 3189 latis,
259 3126 412 3188 enucleatus,
425 3124 563 3185 defaecatus
580 3133 625 3172 ret.
647 3133 675 3172 ut
707 3125 763 3172 dum
766 3125 965 3189 pronuntiandis
972 3140 1109 3189 exerceare,
1120 3133 1200 3174 trumo

174 3212 254 3260 Cidero
269 3228 353 3277 saepe,
374 3210 450 3273 Aere,
473 3217 588 3272 neutum,
615 3224 671 3256 ertu-
702 3211 812 3258 mittum.
825 3210 928 3273 EtII,1.
945 3211 1022 3259 Cuius
1030 3213 1200 3276 philosophica

174 3301 294 3359 oleatum·
312 3297 446 3345 Euueleate
460 3304 485 3344 et
497 3297 593 3360 potite;
618 3295 676 3342 Ele-
707 3295 941 3358 iurudoformotm,
955 3313 1019 3344 uum
1032 3299 1117 3346 uariae
1129 3299 1199 3346 nodis

171 3392 264 3449 gauter
295 3385 465 3446 enucleateque
472 3401 482 3441 ;
521 3381 670 3442 Subtiliter,
704 3395 786 3428 rerum
807 3396 985 3445 summumque
1000 3384 1122 3444 rationes,
1144 3385 1198 3447 ipso

168 3485 269 3533 presse,
278 3470 410 3517 enucleate.
420 3467 517 3515 Plautus
526 3482 633 3532 quoque,
642 3475 671 3513 ut
703 3466 794 3528 etium,
807 3468 851 3529 qui
858 3467 973 3516 duruerat
979 3504 986 3530 ,
992 3470 1125 3532 probante,
1135 3478 1199 3532 puu-

173 3555 252 3604 dulul.
266 3555 289 3617 I,
306 3558 330 3603 2.
352 3554 426 3602 Num
438 3551 560 3612 defaecato
576 3552 670 3599 demum
702 3551 780 3600 dedus.
790 3549 834 3599 Ubi
841 3561 897 3600 nota
905 3551 971 3602 sodes
978 3552 1040 3602 illud
1040 3553 1163 3614 fommtos
1172 3564 1197 3602 et

134 3638 136 3643 ’
173 3641 254 3687 auimo
272 3639 385 3704 egredior
405 3639 486 3686 durno:
507 3637 533 3684 iu
556 3635 611 3698 his,
633 3638 669 3684 in·
693 3637 830 3698 sumuntur.
848 3636 912 3687 Idem
928 3637 1025 3687 verbum
1041 3638 1196 3690 habetdrron
1275 3646 1277 3653 ’

173 3741 256 3790 quam,
270 3722 390 3787 omnibus,
401 3724 433 3772 τὸ
444 3724 500 3771 herio
507 3738 550 3787 per
557 3737 581 3769 se
590 3723 665 3784 inest,
699 3721 729 3771 ad
744 3721 832 3770 locum:
852 3724 1059 3771 »Ferramentum
1073 3726 1136 3772 orote
1152 3725 1196 3773 du·

172 3824 248 3874 neque
265 3825 323 3874 opus
339 3819 375 3857 est
389 3807 520 3870 adverbiis,
538 3805 623 3873 quihus
638 3791 667 3856 ed
701 3815 767 3856 otum
787 3808 902 3856 redditur
916 3809 1014 3871 incudi,
1039 3816 1065 3856 et
1086 3811 1142 3857 deuo
1156 3812 1195 3859 idi

172 3894 235 3944 illud
258 3892 387 3942 iudicetur:
412 3892 499 3942 nedum
520 3902 548 3942 ut
569 3909 666 3958 usquam
690 3893 848 3954 smmmtur.''
869 3894 896 3940 Et
911 3892 1067 3958 Porphyrion:
1087 3895 1196 3944 »Iurudi

171 3980 279 4046 gentium
295 3978 369 4027 suerit
389 3980 455 4043 quis,
472 3979 514 4044 qui
530 3979 594 4025 mule
609 3993 667 4026 euu-
698 3977 797 4026 reddere
801 3997 812 4036 ,·
828 3975 874 4024 hoo
887 3986 936 4040 est,
953 3978 1033 4025 Denuo
1046 3992 1126 4028 versus
1138 3983 1194 4029 seri·

170 4069 277 4127 oleatus,
293 4065 357 4112 mule
369 4063 520 4127 defaecatus,
537 4065 599 4112 mule
612 4064 667 4112 udo-
698 4062 772 4124 here,
797 4060 911 4126 quomodo
938 4062 1106 4112 ferramentum
1132 4064 1195 4114 male
