2752 4844
483 392 856 454 anemonas·

186 591 333 686 Telephe
357 593 410 664 vel
427 593 548 665 Peleu:
574 594 661 664 mule
682 594 884 665 si‘mandato
908 595 1073 690 loqueris,

150 817 263 879 magistri
272 815 477 881 loquuntur,·non
490 818 644 884 indignatio·
676 835 747 882 quam
758 819 938 883 passedieendo
953 807 1035 868 tenone
1050 821 1174 868 bermetum

149 915 203 946 nem
231 900 318 948 aliosve
347 868 455 953 affe*¹
473 905 644 952 concitatiores.
678 912 775 966 coatus,
796 905 1175 968 mantes·allicere,'aoluntateo

149 985 221 1033 Dulce
245 996 280 1034 cst
301 988 416 1050 amabile,
437 991 560 1051 tenorum,
582 989 644 1055 quod
676 991 816 1053 impellere,
840 1006 885 1053 quo
908 992 984 1052 volit,
1005 991 1068 1038 unde
1090 997 1174 1038 autem
1248 981 1252 992 ’

138 1055 188 1118 ⁴eor
208 1070 294 1120 blando
312 1083 377 1120 motu
393 1084 520 1138 pertentat.
544 1074 579 1121 Ita
595 1075 644 1122 Vir·
677 1077 756 1138 velit,
772 1077 894 1125 declinate.
911 1075 955 1124 Ubi
970 1077 1058 1124 Ernest.
1076 1077 1174 1140 corrigit

148 1155 221 1220 gilius
229 1156 339 1205 Didonem
348 1159 407 1206 fecit
415 1157 641 1208 dicentemieneae:
674 1163 754 1224 velis,
775 1178 821 1208 non
843 1160 957 1226 probante
981 1159 1117 1226 Spaldingio
1141 1159 1178 1224 od·

139 1240 200 1301 ficii
214 1244 321 1290 nullibi
332 1244 462 1307 quidquam
475 1245 641 1294 dulcameutn.
675 1246 774 1310 Quintil.
791 1247 869 1295 Instit.
891 1247 952 1295 Orat.
967 1247 1003 1309 ΙΙ,
1022 1248 1059 1295 16.
1085 1247 1173 1294 dinem

147 1325 257 1392 Idemque
280 1338 304 1376 et
322 1329 368 1376 alii
383 1330 464 1377 dulces
485 1337 570 1392 natae,
591 1331 644 1379 dul·
676 1347 728 1380 cosa
749 1331 992 1397 lllwtnices'ducero
1011 1333 1120 1380 laninas
1134 1332 1174 1380 di·

147 1427 197 1460 eom
221 1421 340 1476 niatrenr,
371 1415 462 1462 dulcem
487 1417 640 1478 libertatern,
673 1417 745 1466 cende
768 1419 797 1466 in
817 1419 861 1481 id,
887 1419 949 1481 quod
971 1426 1039 1467 actor
1054 1418 1130 1468 uelit..
1144 1418 1173 1466 tn

146 1498 237 1546 dulcem
245 1501 373 1563 patriam,
390 1517 432 1565 pro
445 1517 492 1565 qua
506 1502 576 1548 etium
589 1502 643 1549 dul·
673 1512 738 1550 reote
755 1520 784 1552 ex
800 1504 900 1551 dicendo
912 1501 976 1568 apud
990 1502 1123 1550 Ciceronem
1136 1502 1174 1550 ef-

145 1599 171 1631 ce
195 1585 226 1632 sit
250 1587 327 1646 mori,
350 1585 481 1650 appellant.
505 1587 592 1634 Auctor
613 1585 643 1634 ad
675 1588 755 1635 ficitur
779 1587 912 1636 subiectum
938 1589 964 1635 io
987 1588 1031 1650 qui
1051 1588 1130 1648 dicit,
1155 1584 1170 1635 (l

144 1670 288 1717 herennium
296 1671 386 1731 mae.
405 1673 495 1733 Parca,
509 1672 642 1734 inquil,ai
675 1671 764 1734 λέγων.
782 1673 868 1720 Tamen
893 1682 917 1719 et
932 1674 1029 1736 sorim
1052 1671 1171 1721 interdum

140 1770 188 1818 per
203 1771 245 1818 ca,
269 1771 328 1818 quaa
350 1757 400 1803 tili
415 1757 560 1803 dulcissima
581 1764 641 1804 nent
672 1759 719 1805 vim
728 1756 830 1806 subiecti
843 1757 939 1805 habent.
954 1757 1119 1822 Cicero'l'opio.
1130 1759 1169 1806 10.

144 1841 173 1886 in
189 1824 258 1901 vitai
277 1842 394 1888 miserere
416 1843 505 1890 nostri.
537 1842 636 1906 Quintil.
671 1844 736 1890 Sunt
752 1843 948 1906 similitudines,
971 1859 1031 1907 quae
1047 1858 1076 1890 en
1087 1844 1170 1906 pluri·

144 1927 221 1974 instit.
239 1926 301 1975 Orat.
316 1927 351 1990 X,
364 1930 390 1990 1,
404 1927 432 1975 de
442 1927 494 1975 Tito
505 1928 582 1976 Livio:
597 1928 642 1988 As·
675 1929 718 1977 lus
747 1931 920 1978 collationibus
935 1930 1171 1993 perveniunt,.quo

135 2010 222 2070 secatus
244 2013 354 2076 quidam,
372 2015 505 2077 praecebue
525 2028 577 2074 eoo,
599 2015 643 2076 qui
675 2016 766 2063 uolunt.
784 2015 883 2080 Quintil.
900 2015 1084 2077 instit.11‚1o.
1101 2015 1169 2062 iudi-

143 2103 202 2144 eunl
222 2097 360 2160 dulciores,
382 2113 449 2144 necno
465 2099 639 2145 historicarum
670 2101 746 2146 ciniis
769 2101 891 2149 nationis
909 2101 1021 2166 primurn
1045 2107 1071 2146 ct
1096 2115 1170 2163 napea

142 2182 319 2230 omnmondaoit
340 2185 429 2247 magis.
450 2183 510 2230 Sunt
531 2184 555 2230 iu
576 2183 642 2230 Livio
676 2186 757 2231 arania
778 2201 846 2246 esce,
859 2187 1009 2248 persuadere
1023 2186 1121 2247 iudici,
1143 2193 1170 2232 et
1228 2189 1230 2194 '

143 2265 201 2314 talia
217 2266 306 2328 multa,
323 2283 345 2314 v.
354 2283 380 2314 c.
396 2265 455 2314 alba
471 2267 550 2331 Longa
566 2276 641 2315 vasta·
673 2271 823 2316 sententian
839 2272 894 2323 eiras
906 2271 991 2322 diuam
1006 2271 1039 2317 in
1050 2271 1096 2332 id„
1107 2271 1172 2333 quod

143 2361 178 2414 te,
192 2351 444 2416 Raptussabiaarum,
456 2351 573 2400 Iudicium
584 2352 642 2400 Bru·
674 2354 744 2401 uelit.

141 2440 169 2487 ti.
187 2438 311 2486 Isocratem
328 2437 448 2503 appellare
462 2439 534 2504 possis
547 2439 639 2486 dulcem
706 2441 738 2488 at
754 2441 893 2490 ridentibus
909 2443 1034 2505 arrident,
1052 2432 1171 2505 itafleu

140 2532 270 2587 natarent,
295 2524 473 2572 Demosthenem
488 2541 535 2572 non
551 2526 631 2589 possis.
667 2527 733 2574 tibus
753 2527 846 2575 admnt
869 2528 980 2576 Humani
1000 2530 1091 2576 vultus.
1122 2529 1166 2576 Le·

140 2611 203 2658 Etsi
219 2612 342 2676 quisquam
359 2620 410 2671 est,
428 2610 470 2675 qui
486 2607 635 2657 vehementia
667 2609 770 2675 gendum
785 2614 836 2660 sinc
852 2611 943 2675 dubio,
959 2623 987 2661 ut
1000 2613 1113 2661 inmolim
1122 2615 1166 2662 Mi·
1249 2656 1254 2664 ,

139 2695 234 2761 liuguae
246 2697 457 2760 indignationem,
466 2695 545 2756 iram,
555 2695 636 2742 odium
669 2694 736 2743 chael
745 2697 877 2759 Piocartns,
889 2696 1023 2745 'lheodorus
1030 2698 1167 2760 Marcilius,

140 2783 243 2829 excitare
257 2783 335 2842 novit,
349 2783 369 2828 is
383 2781 487 2828 omnium
501 2777 589 2826 indicio
603 2789 639 2828 est
670 2780 823 2846 Tanaquillus
839 2780 912 2829 Faber
927 2780 1049 2844 viderant,
1077 2783 1109 2830 Ut
1129 2786 1168 2853 ri'.
1189 2839 1192 2844 Ι

64 2871 69 2881 ’
139 2865 312 2914 Demosthenes.
337 2863 468 2929 Xenophon
489 2862 552 2927 apud
573 2864 636 2912 Cice·
668 2865 781 2914 dentibus
794 2867 921 2928 arrident,
938 2867 1108 2930 iiaflentilus
1121 2869 1164 2916 ad-

138 2967 219 2998 ranam
232 2948 262 2997 de
273 2949 366 2998 Oratore
380 2949 416 3012 11,
431 2950 469 2997 14.
487 2949 637 2998 dulciorert
662 2953 730 3014 flant
752 2952 864 3000 Humani
884 2954 975 3000 vultus.
1008 2950 1117 3000 Mendum
1138 2955 1165 3002 in

137 3037 282 3085 Aristotele.
307 3035 417 3084 Reiskios
437 3051 480 3100 pro
496 3035 579 3082 dultia
594 3051 636 3084 vo·
666 3035 763 3102 vulgata
779 3037 881 3086 lectione
895 3039 952 3085 satis
968 3036 1071 3102 produnt
1094 3037 1165 3104 Rogi-

136 3121 203 3171 lebat
218 3123 311 3171 dualia.
666 3123 744 3170 nensis
766 3133 790 3170 et
814 3122 860 3170 dno
884 3122 927 3170 alii
949 3139 977 3170 ex
999 3124 1098 3187 nostris,
1121 3125 1164 3189 qui

168 3209 222 3272 Et,
240 3223 382 3272 quacumque
405 3208 501 3269 volem,
525 3208 635 3255 aninum
666 3206 865 3266 adsinthabent3
880 3209 953 3273 magis
969 3207 1087 3274 itineri,
1102 3218 1163 3257 teste

136 3295 262 3342 auditorio
276 3299 376 3360 agunto.
394 3292 460 3357 Quod
476 3292 520 3340 Fea
538 3309 633 3341 ennon·
664 3289 770 3340 Maecilio
779 3329 786 3356 ,
795 3294 898 3357 adflent.
913 3295 1037 3359 ligavero,
1047 3310 1100 3342 cum
1114 3311 1162 3344 ma-

135 3380 208 3428 nullis
228 3380 289 3428 tiss.
314 3380 405 3427 notavit
425 3385 469 3441 ut,
494 3377 538 3426 hoe
559 3379 631 3425 ctiam
663 3379 795 3443 nuseriptos
823 3380 885 3428 varii
907 3381 1000 3444 generis
1023 3380 1049 3426 in
1073 3378 1161 3427 Biblio-

135 3475 186 3515 erat
196 3468 220 3514 in
237 3466 282 3513 MS.
297 3464 476 3512 Brenckmanni.
493 3463 597 3511 Fortasse
607 3471 631 3510 et
664 3461 734 3510 theca
755 3463 901 3528 ligorniensi
921 3465 1013 3512 iuvenis
1028 3479 1160 3526 versarem,

135 3553 247 3616 scriptum
272 3552 331 3600 fuit:
358 3551 405 3612 Ut,
433 3548 578 3612 quacumque
595 3562 634 3595 aa·
666 3549 691 3595 in
704 3548 858 3597 Grammatico
874 3548 974 3614 quodam
990 3563 1164 3615 anonymoven

135 3637 186 3699 lio,
201 3639 282 3685 animi
296 3637 422 3685 auditoris
437 3641 553 3698 agantur.
576 3633 633 3681 Nam
665 3649 716 3685 sum
734 3633 797 3682 hunc
814 3636 912 3682 citatum
928 3633 1005 3682 obiter
1026 3634 1119 3698 reperi,
1136 3643 1162 3681 et

136 3732 161 3769 et
176 3737 218 3787 pro
231 3720 433 3786 volantquaedam
446 3718 629 3768 habentaelinl.
664 3717 726 3767 clare
744 3718 878 3768 habebatur
891 3720 991 3782 adflent.
1010 3719 1051 3780 Ut,
1066 3719 1159 3784 inquit,

134 3807 162 3854 Et
175 3808 200 3854 in
216 3805 261 3853 tali
275 3823 354 3854 cauam
367 3807 428 3853 velle
440 3804 534 3869 saepius
547 3804 633 3851 referri
664 3804 781 3852 adndant
793 3803 939 3865 ridentibus,
953 3804 988 3851 ita
1000 3803 1160 3866 adflentflen-

94 3911 96 3916 ·
133 3892 194 3940 solet
203 3889 234 3939 ad
245 3892 390 3954 senatores,
405 3906 474 3955 quem
490 3889 520 3937 ad
528 3890 631 3952 ampla.
666 3888 737 3938 tibus.
752 3889 818 3936 Nihil
832 3890 934 3937 certius:
952 3897 980 3934 ut
996 3898 1038 3935 aut
1054 3890 1174 3954 pervicac

133 3980 211 4026 Cicero
229 3976 291 4025 Orat.
308 3976 334 4037 1,
350 3977 375 4025 8.
400 3975 483 4038 Neque
496 3990 552 4022 uero
566 3975 632 4022 milri
663 3974 778 4035 cessim,
800 3983 842 4020 aut
858 3972 921 4038 quod
937 3971 1014 4021 dicere
1030 3973 1099 4036 nolo,
1115 3977 1158 4040 qui

134 4064 264 4127 quidquam
297 4061 478 4124 praestabilius
515 4059 629 4122 videtur,
663 4061 771 4124 ineptum
787 4056 849 4107 illud
865 4057 1158 4109 adsuntulteriustuean-
