2752 4844
193 380 251 441 116
450 393 662 461 notatu
693 403 942 470 uelsrota

215 580 482 685 legitimumque
505 619 626 670 sonum
649 601 761 697 digitis
784 607 948 702 callemus
971 619 1007 683 et
1028 636 1121 683 aure.

138 745 140 748 -
220 703 378 797 Ignotum
400 714 545 806 tragicae
568 743 673 812 genus
695 724 860 797 iuvenisse
883 729 1049 802 Camenae

215 822 365 917 Dicitur,
388 836 423 899 et
446 832 606 925 plaustris
627 843 754 912 vexisse
778 854 932 938 poemata
955 848 1118 944 Thespis,

215 941 309 1032 Quae
332 948 488 1021 canerent
512 966 717 1052 agerentque
739 966 896 1056 peruncti
912 965 1068 1037 faecibus
1093 991 1165 1038 ora.

181 1170 325 1228 utumque,
344 1164 389 1213 -Νο
408 1163 489 1213 &aaut
508 1165 604 1226 nate,
624 1166 678 1213 lae-
709 1164 818 1230 vulgasse
830 1165 908 1215 literis
919 1166 1036 1234 lbespin,
1049 1168 1214 1236 quaequeilli

183 1251 285 1299 damet.
637 1317 641 1322 .
711 1250 822 1299 tribuunt
852 1251 1006 1317 Plutarchus,
1035 1255 1135 1318 Pollux,
1158 1254 1211 1303 cte·

215 1337 335 1398 Dicitur,
349 1338 678 1402 etplaanrisaear'ssepoe·
702 1353 776 1384 mens
795 1337 981 1402 Alexandrinus,
1006 1350 1031 1389 et
1052 1341 1135 1389 Noster
1150 1339 1211 1390 adeo

180 1423 376 1486 mtartcspis,
392 1423 588 1481 Qaaewnerent.
605 1423 680 1470 locus
711 1423 761 1486 ipse
777 1424 851 1487 Epist.
867 1424 902 1485 ll,
918 1437 949 1487 11,
964 1427 1020 1474 tce.
1036 1425 1081 1474 ubi
1092 1427 1211 1492 populum

180 1507 221 1558 bic
234 1508 265 1558 ab
273 1508 449 1574 annisamplius
463 1508 530 1556 mille
544 1510 679 1573 turpissimo
710 1517 790 1562 narrat
805 1508 934 1557 Romanum
946 1521 1000 1575 post
1012 1512 1101 1560 Punica
1113 1511 1210 1560 demum

181 1594 265 1644 mendo
282 1583 434 1660 inquinatus,
447 1595 469 1642 si
481 1610 533 1642 mea
546 1611 617 1658 opera
626 1603 678 1641 tan-
709 1592 775 1641 bella
795 1595 899 1658 coepisse
915 1611 1048 1660 quaerere,
1081 1598 1151 1655 Quid
1164 1600 1210 1646 So·

179 1679 233 1729 dem
247 1680 394 1730 emaculetur
414 1680 587 1746 pristinumque
604 1689 630 1754 et
642 1696 678 1728 sa-
705 1679 837 1742 plroalesct
849 1670 1131 1747 ThespisetAesebylas
1140 1684 1211 1732 seih

178 1783 237 1816 uum
254 1766 355 1816 colorem
370 1767 486 1834 recipiat,
501 1763 587 1829 ecquid
603 1766 677 1812 erite
700 1764 815 1824 sanent,
846 1767 923 1813 omnia
952 1767 999 1814 ista
1022 1769 1104 1832 spuria
1127 1778 1152 1816 et
1174 1767 1209 1816 ab

177 1853 268 1902 lectore
284 1852 379 1918 pretii?
402 1850 602 1915 Contemplemur,
619 1865 677 1914 qua·
708 1847 831 1896 Heraclide
859 1850 956 1899 Pontico
987 1855 1109 1918 suppadta
1139 1870 1211 1917 esse,

177 1937 289 1987 lisbodic
303 1938 477 1985 circumfertur.
494 1937 610 1998 Ignotum
619 1937 680 1981 Tra·
711 1932 793 1981 multis
808 1939 954 1999 argumentis
971 1938 1065 1988 ostendi
1078 1941 1106 1988 iu
1118 1941 1209 1988 Disser-

174 2027 249 2090 gicae
262 2039 343 2090 genas
357 2023 485 2071 invenisse
501 2021 619 2067 Camenae
630 2021 679 2068 Di-
710 2021 800 2068 tatioue
809 2019 840 2068 ad
847 2020 979 2071 Phalaridis
990 2024 1116 2089 Epistola,
1134 2042 1208 2092 quam

177 2108 263 2172 eitar‘,
280 2116 307 2157 et
316 2107 554 2173 plaustrisrerissa
563 2112 677 2168 poemata
710 2106 752 2170 qui
768 2115 846 2169 potest
867 2116 910 2155 ant
929 2119 998 2158 vacat
1017 2111 1107 2175 poterit
1122 2126 1208 2159 consu·

176 2196 294 2260 Thespis,
313 2194 381 2252 θυαε
398 2197 514 2240 remeat
529 2197 677 2255 agerentque
709 2189 767 2239 lere.
784 2189 846 2255 Quid
862 2195 939 2257 ergo?
956 2211 990 2242 an
1008 2195 1121 2261 plaustris
1132 2195 1207 2244 vehe-

173 2279 414 2346 pemnctisaecibus
425 2293 476 2325 era.
492 2276 616 2323 ltaomues
623 2274 676 2323 ubi·
708 2274 796 2324 bantur
803 2286 936 2341 poemata,
949 2292 1010 2344 quse
1028 2279 1073 2328 sub
1088 2280 1133 2329 illa
1149 2281 1208 2330 'lra-

175 2384 222 2433 que
254 2367 339 2430 scripti
357 2363 463 2428 editique
487 2359 614 2409 exhibent:
637 2362 672 2409 ita
704 2360 801 2426 goediae
823 2363 927 2410 infautia
952 2365 992 2412 vir
1023 2365 1086 2413 domi
1107 2365 1206 2431 quidem

175 2455 236 2501 citat
251 2448 374 2497 Diomedes
389 2447 557 2494 Grammaticus
572 2462 597 2511 p,
614 2447 670 2494 485.
703 2444 885 2494 scribebantur?
896 2447 950 2508 vel,
963 2457 991 2494 ut
1002 2451 1091 2512 scripta
1099 2452 1206 2516 suerint,

175 2535 329 2587 itassouatus
349 2531 521 2596 Prolegomenis
539 2528 570 2578 ad
589 2530 674 2579 Teren·
705 2529 769 2578 domi
797 2538 861 2577 certe
884 2530 1096 2596 relinquebantur,
1125 2545 1150 2584 et
1174 2536 1207 2587 de

175 2623 255 2683 tium,
271 2617 315 2667 ubi
333 2627 382 2666 tres
396 2625 501 2664 vetustas
517 2625 572 2664 ante
585 2631 673 2663 anuum
708 2615 819 2680 plaustris
841 2617 976 2664 memoriter
996 2617 1158 2670 canebantur?
1175 2623 1207 2671 nt

170 2707 217 2770 ,ln
233 2704 350 2754 editiones
371 2702 495 2752 consulens
515 2700 577 2750 nihil
601 2719 616 2749 a
636 2719 674 2750 re·
704 2702 800 2749 sensisse
827 2700 922 2767 quidam
945 2702 1117 2755 absurditatem
1142 2706 1206 2758 banc

175 2801 246 2858 cepta
256 2790 359 2838 lectione
367 2788 485 2838 diversum
498 2789 585 2852 reperi.
602 2787 675 2850 Quale
706 2785 818 2834 videntur
840 2787 945 2837 melioris
965 2800 1035 2860 notae
1051 2794 1206 2858 interpretes.

174 2888 255 2927 tamen
284 2874 379 2923 obsecro
410 2871 474 2922 illud
499 2881 552 2934 est,
577 2874 675 2920 amase
707 2872 836 2934 Poemata,
853 2873 945 2939 iuquit,
958 2876 1082 2940 Lnisinus,
1094 2895 1205 2942 proxe-

169 2963 298 3028 plaastris
325 2954 463 3026 poemata?
494 2955 539 3004 hoc
568 2967 617 3018 est,
646 2967 676 3004 ut
707 2959 907 3022 neminavit,
922 2977 1051 3026 caussam,
1064 2972 1095 3011 at
1112 2967 1203 3029 aiant,

174 3055 270 3096 enarrat
280 3047 373 3109 beron,
388 3047 449 3094 Tam
466 3044 546 3090 matta
559 3043 675 3106 empsis-
702 3059 751 3106 pra
761 3051 883 3093 caussato.
901 3047 990 3110 Dignus
1000 3050 1084 3114 utique
1096 3067 1138 3098 sua
1151 3050 1204 3099 lau-

173 3147 214 3193 se,
238 3147 299 3194 qaae
310 3139 396 3196 posset
405 3123 673 3195 plaustris‘advetere.
707 3128 737 3176 de
758 3137 807 3190 est,
829 3131 872 3193 qui
894 3146 942 3179 uon
964 3142 1012 3180 tam
1037 3133 1120 3183 obesae
1138 3137 1204 3184 naris

174 3218 259 3265 llirum
296 3216 342 3264 hoc
374 3216 497 3282 prolecto:
530 3221 671 3279 poteratque
687 3256 688 3259 ,
704 3221 768 3274 erat,
801 3221 829 3260 ut
858 3226 968 3280 receptae
997 3219 1204 3284 interpretationis

172 3300 284 3366 lbespis,
301 3311 329 3349 ut
342 3299 520 3367 posteaCassius
526 3298 668 3360 Hetrnscus,
701 3299 805 3345 foetores
820 3297 941 3350 toleraret.
974 3303 1009 3350 Tu
1023 3321 1079 3353 vero
1100 3307 1133 3354 sic
1148 3322 1204 3355 me-

174 3387 252 3452 capsis
275 3384 389 3451 librisque
404 3386 507 3450 propriis
522 3382 629 3432 comburi
644 3399 672 3431 ac
704 3392 860 3447 cum'repone
876 3385 975 3435 meliora
987 3388 1057 3454 longe
1073 3408 1100 3439 ac
1116 3395 1203 3441 certio-

175 3473 297 3534 sunerari,
311 3469 440 3536 quoheres
452 3469 518 3535 ligus
529 3468 670 3517 lucraretur.
702 3483 742 3515 ra:
769 3469 874 3517 Dicitur
905 3479 932 3519 et
948 3463 1077 3537 planstris
1104 3480 1204 3528 vexisse

172 3559 258 3607 Verum
275 3567 338 3618 esto,
355 3566 384 3604 ut
399 3565 436 3604 tot
451 3564 559 3620 poemata
572 3555 671 3618 scripse-
697 3562 813 3618 perarata
829 3558 934 3620 Thespia
950 3559 1002 3616 Qui
1015 3569 1131 3609 canerent
1143 3580 1202 3630 uge-

172 3646 219 3693 rit:
237 3640 296 3708 quid
312 3658 387 3707 opus,
404 3650 433 3689 ut
454 3657 481 3689 ea
497 3639 611 3705 plaustris
627 3640 672 3686 cir-
703 3646 806 3703 reatqne
821 3643 1064 3704 pemnotisaecidas
1080 3662 1130 3694 ara.
1155 3649 1202 3701 Ubi

174 3726 391 3778 cnmveherentur?
404 3743 434 3774 an
451 3743 479 3775 ex
496 3723 558 3773 libro
572 3732 623 3771 tum
635 3739 672 3770 re·
703 3723 760 3773 ordo
774 3734 822 3774 est:
843 3727 942 3774 Vesicae
950 3729 1079 3791 plaustris
1089 3731 1201 3799 (eos)qss'

172 3814 279 3864 citabant
295 3824 386 3863 actores
402 3809 558 3859 fabularum?
575 3806 671 3856 Ridicu·
702 3817 817 3858 canerent
837 3820 984 3876 ageretque
999 3826 1128 3882 preventa,
1140 3836 1200 3883 por.

171 3898 234 3947 lum=
260 3916 290 3948 ne
309 3909 391 3966 postea
407 3895 501 3963 quidem
517 3895 562 3943 hoc
578 3894 669 3942 factum
700 3897 773 3944 aneti
784 3911 827 3943 ora
834 3897 963 3959 saeeibas5
980 3899 1111 3952 Histriones
1122 3907 1199 3970 igitur

173 3992 220 4044 est,
254 4001 307 4032 cum
337 3993 421 4050 poetae
450 3998 503 4029 suas
529 3977 669 4044 Tragoedias
700 3981 726 4027 in
741 3979 854 4046 plaustris
869 3982 984 4047 vehebat,
1000 4003 1060 4050 non,
1075 3999 1104 4036 ut
1121 3989 1198 4040 stulte

171 4045 260 4133 scripto
276 4069 409 4134 vulgarent.
426 4064 666 4130 lculbilquicquam
697 4065 769 4130 vulgo
786 4066 915 4131 creditum,
936 4082 1053 4136 mamam.
1085 4073 1195 4126 Ceterum
