2752 4844
499 395 803 456 Anr1s01tes

176 592 371 665 Maturuene
394 618 510 686 senex,
535 619 577 666 an
599 588 710 668 adhue
732 595 872 668 florente
894 599 1028 668 iuventa

143 817 265 866 Bentleius
280 818 369 881 voluit,
390 834 462 884 eoque
480 820 529 884 ipse
546 820 636 868 Britan·
669 829 704 868 est
719 837 771 868 eum
787 822 859 883 tero,
876 829 904 868 ut
920 827 1032 868 matrona
1048 834 1165 884 compara·

143 921 187 952 nus
203 905 229 952 in
242 921 291 951 rem
304 920 369 951 suam
384 921 440 952 usus
456 914 498 954 est.
670 916 710 953 tur
731 922 783 954 cum
799 906 904 953 nutrice.
921 907 1044 971 Ingenium
1058 905 1119 952 servi
1134 902 1165 952 nb

175 991 419 1053 Intereritmaltam,
433 992 637 1054 venenatoque-
669 990 767 1040 alterius
790 993 852 1039 servi
876 992 971 1056 ingenio
1003 989 1099 1053 differt,
1124 988 1166 1038 sed

145 1082 200 1137 tur,
214 1091 246 1122 en
258 1077 335 1125 beros.
345 1075 404 1124 MSS.
418 1078 511 1124 variant
519 1077 582 1124 inter
589 1077 640 1123 Do·
672 1093 751 1124 servus
765 1086 800 1125 cst
816 1093 903 1131 servus.
925 1078 953 1124 lu
969 1077 1085 1124 communi
1098 1091 1165 1139 prae-

143 1176 217 1208 mrsue
234 1169 265 1209 et
274 1163 394 1210 Diousne.
411 1161 438 1209 ln
452 1161 518 1210 Leid.
532 1177 579 1209 uno
590 1163 638 1209 Di-
671 1172 738 1227 cepto
750 1161 926 1211 commendatur
941 1162 1016 1210 oratio
1029 1160 1100 1226 digna
1113 1176 1163 1208 sert·

142 1261 221 1294 vosne.
235 1246 345 1312 Opposita
357 1249 443 1295 Danas
452 1255 476 1295 ct
490 1248 573 1309 beros,
589 1248 636 1295 Di-
668 1264 708 1310 vo,
725 1247 796 1313 digna
812 1250 881 1311 bero,
898 1264 944 1296 non
959 1246 1017 1295 haec
1030 1246 1102 1311 digna
1114 1248 1166 1294 Da-

143 1347 188 1380 vus
202 1341 225 1379 et
246 1334 331 1394 beros,
349 1331 431 1380 multis
447 1332 636 1396 displicuerunt,
670 1349 713 1396 eo,
731 1333 775 1382 illa
791 1335 876 1383 Harae.
897 1334 925 1382 Et
939 1333 1062 1394 Horatius,
1080 1331 1162 1395 credo,

142 1419 184 1481 qui
207 1418 351 1466 coniecturas
374 1427 553 1483 proposuerunt.
588 1419 636 1466 lam
668 1420 741 1468 sicuti
755 1436 905 1485 personarum
927 1416 1060 1467 nominibus
1075 1418 1113 1466 uti
1129 1434 1165 1466 so·

141 1504 245 1550 Erasmus
257 1503 283 1550 in
299 1501 394 1568 idagiis
411 1502 519 1568 legebat:
537 1505 635 1554 divesne
667 1504 702 1552 let
722 1504 794 1570 vulgo
809 1507 888 1567 notis,
909 1522 938 1554 ex
957 1505 1079 1566 Terentio,
1100 1502 1164 1552 unde

142 1590 253 1652 loquatur
276 1604 309 1635 an
329 1590 395 1637 Irus.
416 1587 461 1636 Sed
478 1598 528 1636 tum
551 1589 636 1639 melius
669 1599 694 1637 et
708 1592 811 1653 Domo,
837 1601 861 1638 et
881 1607 952 1655 supra
977 1590 1105 1651 (larome,
1130 1590 1165 1638 ita

140 1674 339 1738 coniungerentur
348 1675 555 1723 Croesusotlrus.
570 1676 636 1722 Lam·
668 1684 693 1722 et
709 1674 811 1722 alterum
826 1690 923 1737 nomen,
939 1676 1001 1722 Davo
1018 1675 1163 1739 oppositum,

141 1757 211 1806 binus
247 1757 342 1807 volebat
372 1761 488 1807 Davusne
525 1761 637 1823 loquetur
669 1761 787 1808 sumsisset
803 1761 882 1825 potius
898 1777 927 1808 ex
944 1758 1024 1807 eodem
1041 1759 1163 1822 Terentio,

141 1843 249 1906 Erosrsa,
285 1845 427 1893 assentiente
464 1846 570 1910 blenagio
610 1847 635 1894 in
668 1861 738 1910 quam
759 1846 837 1893 minus
858 1846 978 1910 cognitum
997 1843 1059 1892 illud
1074 1845 1165 1893 Ilerot's

140 1929 255 1978 bmocnit.
272 1930 336 1977 Juris
346 1930 412 1978 Civil.
430 1947 450 1978 e.
462 1930 546 1979 ml.
564 1932 632 1979 Etsie
666 1947 694 1978 ex
710 1929 844 1979 Menandro.
869 1931 923 1996 Ego
933 1929 994 1979 nibil
1011 1940 1059 1978 tam
1076 1929 1163 1996 probo,

139 2014 277 2080 oportebat,
293 2032 340 2064 non
352 2032 385 2063 on
401 2015 477 2079 Eros,
494 2026 522 2063 ut
535 2033 633 2081 repone·
665 2032 735 2082 quam
751 2017 873 2065 Interers't
887 2017 991 2063 multum
1000 2017 1116 2063 Duorum
1131 2017 1164 2064 lo·

139 2099 182 2149 bat
205 2101 357 2167 capellanus,
384 2100 412 2148 de
436 2117 483 2166 quo
499 2101 635 2148 lirouckhu-
667 2109 758 2165 quatur
778 2103 889 2150 bernone.
919 2101 999 2149 Ortum
1019 2100 1115 2150 videtur
1132 2116 1165 2149 on

139 2188 187 2234 sius
210 2185 269 2235 liaeo
292 2187 426 2234 annotavit:
460 2185 498 2232 »0
520 2184 633 2233 Criticum
665 2186 736 2233 beros
757 2202 785 2233 ex
809 2195 918 2251 corrupto
942 2202 975 2234 on
995 2187 1081 2249 herus,
1104 2202 1164 2252 qnae

138 2288 249 2320 acumen:
272 2271 356 2320 saltem
369 2272 512 2336 scripsisset,
530 2271 632 2319 Erosne.
667 2280 718 2319 erat
745 2272 911 2336 interpretatio
934 2270 1101 2319 vocabulorum
1125 2273 1164 2320 lte-
1216 2271 1219 2276 ’

138 2359 221 2424 ltaque
235 2373 277 2423 per
295 2357 358 2406 bunc
371 2356 464 2405 Gallum
480 2373 527 2404 non
543 2355 632 2418 stabit,
665 2371 747 2405 rusae.
761 2355 823 2404 Talis
836 2356 913 2421 glossa
923 2373 993 2421 supra
1003 2356 1164 2419 scribebatur,

139 2445 264 2509 quominus
290 2443 399 2490 Horatius
424 2442 533 2490 calluerit
559 2441 638 2489 Proso·
670 2451 698 2489 ut
714 2442 825 2506 scriptam
840 2441 929 2490 vidiin
942 2459 989 2490 uuo
1005 2441 1050 2490 MS,
1067 2442 1166 2490 llinoin

139 2528 201 2577 diam
216 2527 295 2578 lacobi
307 2529 444 2577 Gronovii.’'
455 2527 482 2574 G.
499 2526 635 2576 Waddelius
666 2535 759 2575 textum
776 2525 911 2590 descendit,
929 2536 969 2591 et,
983 2537 1011 2576 ut
1024 2537 1098 2576 metro
1112 2544 1167 2577 con·

138 2617 164 2664 in
178 2614 299 2664 Animadv.
317 2631 370 2680 pag.
389 2615 430 2662 84.
448 2614 519 2661 etiam
536 2614 633 2661 coniicit
665 2612 799 2675 suleretur,
813 2622 943 2660 correctum
957 2623 992 2660 est
1004 2615 1081 2663 beros.
1099 2613 1165 2663 Idem

139 2701 249 2750 beraeae.
282 2700 377 2748 Veteres
395 2698 538 2747 Scholiastae
556 2699 636 2746 IIeros
668 2696 783 2762 probabat
807 2698 958 2747 llantelerius
984 2699 1009 2747 in
1033 2698 1163 2765 Symbolis,

138 2794 280 2851 acceperunt
293 2801 334 2851 pro
347 2785 441 2833 nomine
452 2782 546 2845 servili,
562 2784 634 2831 sicuti
666 2781 795 2830 Neerlande
819 2784 906 2847 scripto
931 2782 993 2831 libro
1017 2782 1046 2831 de
1068 2782 1165 2832 Artibus

140 2880 175 2920 est
185 2873 284 2932 Damas,
301 2880 325 2919 et
336 2869 459 2918 inducitur
472 2884 551 2916 servus
564 2868 636 2916 lleros
667 2869 799 2933 Literisque
807 2867 1164 2935 humanioribus‚T.l.pag.162.

139 2955 203 3021 apud
218 2954 386 3015 Menandrum,
409 2962 433 3002 et
449 2951 509 3001 alibi
531 2952 576 3001 hoo
592 2970 634 3001 no·
665 2954 780 3016 Plurim,
797 2955 823 3003 ni
839 2953 927 3017 fallor,
944 2955 1095 3018 praeferunt:
1118 2957 1165 3003 Di-
1233 2941 1236 2946 ⁸

138 3058 192 3090 men
213 3041 341 3089 invenitur.
364 3040 410 3104 Ego
422 3054 500 3104 neque
513 3039 582 3086 istam
598 3041 634 3087 in·
667 3054 740 3086 mune
755 3055 789 3086 un
805 3041 882 3088 lemos.
899 3039 979 3104 Neque
992 3039 1036 3088 illa
1049 3039 1096 3088 sibi
1108 3043 1165 3090 satis

137 3129 331 3194 terpretationem
355 3125 453 3190 accipio.
478 3124 587 3172 Horatius
609 3125 636 3172 in
667 3116 845 3172 esse'contraria
861 3124 970 3173 arbitror.
988 3125 1045 3173 Nam
1059 3137 1083 3174 et
1096 3128 1165 3175 limos

137 3212 182 3262 bac
190 3224 258 3280 parte
267 3211 400 3278 praecepti,
413 3219 535 3276 postquam
544 3210 635 3258 seilicet
668 3219 703 3257 est
719 3211 853 3272 scrutatores,
878 3209 1013 3260 σύνθετόν
1029 3230 1056 3260 τι
1073 3211 1098 3267 ἐξ
1116 3213 1164 3261 ἀν-

138 3299 164 3347 in
179 3301 257 3364 priore
274 3297 385 3346 docuerat
404 3297 532 3344 orationem
548 3293 634 3344 debere
667 3294 781 3361 θρώπου
796 3295 940 3353 naturam
958 3307 982 3344 et
995 3314 1069 3345 sermo
1088 3297 1166 3346 herois

139 3387 262 3434 convenire
283 3381 386 3432 motibus
407 3383 549 3443 animorum,
566 3380 635 3429 docet
667 3379 697 3428 ad
712 3397 840 3428 sermonem
857 3380 896 3429 dei
908 3391 957 3429 tam
969 3399 1042 3448 prope
1055 3382 1166 3431 accedere

139 3473 267 3519 orationem
284 3468 370 3518 debere
384 3468 507 3516 convenire
525 3475 636 3514 externae
669 3465 798 3514 censendus
825 3477 876 3529 cst,
900 3477 925 3515 et
940 3469 965 3515 in
980 3466 1114 3532 Tragoediis
1128 3484 1166 3516 re·

138 3554 259 3605 hominum
277 3554 421 3616 conditioni,
442 3554 514 3600 etiam
529 3550 633 3612 diversae
665 3566 721 3599 vera
746 3551 854 3615 accedit,
883 3562 910 3600 ut
932 3552 1056 3600 discrimen
1079 3554 1119 3600 vix
1140 3554 1166 3602 in

139 3643 260 3688 nationum
288 3640 371 3689 indoli.
410 3638 520 3704 Opposita
544 3635 637 3701 singula
670 3636 749 3685 oeulos
770 3636 853 3686 cadat:
876 3637 934 3686 adeo
952 3649 981 3687 ut
997 3640 1104 3703 ineptum
1119 3640 1165 3701 sit,

140 3727 258 3773 eminent:
290 3725 492 3785 senex-iuvenis,
515 3731 638 3778 matrona·
670 3721 715 3770 boc
737 3721 861 3771 discrimen
877 3726 971 3789 proprio
988 3733 1113 3789 praecepto
1129 3724 1166 3773 in·

139 3811 238 3872 nutrix,
255 3811 506 3871 mercator-rusticus,
525 3806 634 3855 Colchus·
667 3807 774 3870 culcare,
797 3808 918 3856 aedicere
936 3810 1040 3857 maltum
1056 3810 1166 3859 intererit

139 3898 263 3964 Assyrius,
278 3894 526 3959 lbebanusdrgivus.
546 3895 573 3941 ln
590 3891 634 3940 tali
666 3902 746 3941 utrum
762 3895 845 3942 Divus
861 3896 974 3958 loquatur
988 3910 1021 3942 aa
1037 3895 1114 3946 beros.
1136 3898 1165 3945 lit

139 3982 342 4048 argumentatione
369 3996 416 4027 non
439 3989 517 4041 recte,
550 3993 635 4026 servus
666 3979 731 4027 Musa
752 3977 818 4026 dedit
834 3981 925 4040 referre
940 3982 1020 4030 Divos
1030 3998 1165 4047 puerosque

140 4085 193 4117 cum
209 4083 279 4116 servo
292 4075 449 4131 comparatur:
467 4062 634 4130 comparandus
666 4064 865 4126 deorumfidibus
878 4065 958 4116 eodem
975 4078 1050 4117 metro
1064 4071 1163 4134 Lyrico,
