2752 4844
524 387 584 447 ΑΙ)
615 387 832 448 PISONES.

193 586 303 674 Quam
325 585 351 656 si
377 587 545 682 proferres
566 589 681 682 ignota
704 588 898 682 indictaque
922 587 1061 683 primus.

161 809 243 858 Omnes
264 826 387 875 personas,
415 826 475 876 quae
494 827 577 860 scenae
599 828 660 860 com·
691 812 739 860 lius
755 813 903 877 attigerunt,
920 813 971 876 ipse
987 820 1067 860 autem
1088 811 1136 858 iam
1150 802 1194 857 ali·

161 897 227 949 mitti
242 904 365 960 poterant,
381 897 473 961 Tragici
487 898 658 946 commiserant.
692 896 732 960 bi,
750 900 777 945 ui
794 897 878 958 fallor,
900 896 946 945 hoo
967 905 1132 962 argumentum
1154 911 1194 943 ex·

79 1020 84 1027 .
162 979 243 1046 Cogita
257 983 394 1028 immensam
406 981 586 1047 Tragoediamm
600 982 661 1031 mul-
692 983 789 1048 plicavi.
809 982 995 1048 ltquehasego
1008 981 1196 1032 difficultatesin

162 1065 304 1129 titudinem,
322 1082 381 1131 quae
398 1075 503 1132 tempore
514 1068 607 1116 Horatii
623 1081 664 1116 ex·
694 1068 746 1116 loco
767 1077 845 1116 nostro
865 1069 971 1134 superari
988 1066 1081 1129 iudico,
1104 1069 1126 1115 si
1141 1083 1195 1115 eum

155 1150 264 1200 stabant.
294 1153 323 1199 Et
346 1151 409 1217 quod
430 1152 526 1200 eaedem
547 1169 659 1218 personae
691 1155 726 1201 sio
742 1156 920 1202 constituamus:
936 1153 986 1201 Sed
992 1153 1075 1214 focile
1087 1159 1126 1200 est
1137 1167 1196 1215 pra

161 1237 282 1286 interdum
297 1237 352 1302 plus
367 1254 438 1303 quam
446 1237 524 1286 decies
537 1255 551 1287 a
564 1237 662 1287 diversis
689 1240 750 1302 pris
759 1241 896 1287 eommunia
908 1239 997 1287 dicere.
1011 1237 1037 1285 Si
1046 1253 1130 1285 novam
1141 1254 1196 1301 per-

162 1322 298 1372 auctoribus
330 1324 398 1371 fuere
428 1323 554 1386 inductae,
584 1341 660 1372 noune
693 1340 774 1372 sonam
790 1325 891 1373 formare
910 1324 997 1386 audes,
1015 1325 1108 1371 omnino
1125 1338 1195 1385 eave,

161 1407 218 1457 hino
234 1409 305 1456 etiam
321 1408 385 1456 illud
393 1410 530 1472 conficitur,
544 1411 662 1475 iamipsos
693 1427 724 1458 ne
748 1409 796 1459 sibi
815 1428 863 1459 non
885 1413 1017 1459 conveniat.
1043 1409 1089 1458 Sed
1108 1426 1150 1457 cur
1172 1407 1199 1457 id

160 1494 260 1542 Graecos
275 1496 334 1542 iusti
349 1496 483 1560 argumenti
499 1496 580 1560 inopia
597 1495 663 1544 labo·
694 1498 817 1546 tentares?
833 1514 886 1544 cum
900 1497 1039 1561 praesertim
1052 1495 1151 1544 difficile
1165 1497 1197 1544 sit
1248 1527 1255 1548 0

161 1580 266 1628 rasisse?
287 1581 391 1628 Fortasse
412 1581 523 1629 nonnulli
538 1581 664 1646 responde·
696 1592 862 1647 argumentum
877 1584 1029 1646 inexpertum
1044 1583 1139 1646 proprie
1156 1599 1197 1630 ex-

161 1664 237 1728 bunt‚
259 1667 280 1714 si
299 1669 436 1714 emimonto
459 1669 505 1715 ista
524 1684 571 1718 non
589 1667 661 1715 facile
694 1667 792 1732 plicare.
826 1667 903 1715 Facile
929 1676 964 1715 est
988 1668 1083 1731 proprie
1104 1666 1197 1731 aliquid

81 1749 84 1753 ¹
163 1752 271 1800 inveniri
288 1754 411 1816 potuerint
426 1754 452 1800 in
468 1753 577 1800 Historiis
594 1753 665 1800 Grae·
697 1751 788 1815 dicere,
814 1753 839 1800 in
861 1769 907 1817 quo
927 1752 1011 1800 Graeci
1029 1751 1076 1801 tibi
1091 1753 1198 1816 praeive-

164 1837 324 1901 cis,potuisse
333 1839 436 1885 inveniri
448 1839 473 1885 in
486 1838 603 1886 Romanis.
618 1837 664 1885 Sed
695 1854 736 1901 re,
754 1847 779 1886 et
799 1839 888 1886 rectius
906 1839 980 1886 facies
1000 1836 1151 1902 Tragoediam
1167 1853 1199 1887 ex

162 1921 272 1970 Horatius
292 1923 396 1970 Romana
419 1923 528 1988 exempla
545 1922 586 1970 hic
606 1939 661 1970 uus·
693 1940 792 1988 persona
805 1923 889 1988 aliqua
898 1922 985 1985 lliaca,
998 1939 1069 1988 qnam
1083 1939 1114 1971 ex
1123 1938 1197 1986 nova,

162 2007 663 2074 quamcommendat3nequeHistoriaeRo·
695 2008 757 2056 male
779 2009 887 2057 formata.
918 2007 1117 2075 Wyttenbachius
1136 2007 1198 2056 haee

163 2108 245 2141 manae
261 2092 407 2157 praebebant
424 2103 480 2157 apta
495 2092 661 2145 scribentibus.
695 2095 830 2144 annotavit:
851 2095 1020 2159 »Quamquam
1042 2093 1140 2141 difficile
1163 2102 1199 2142 est

163 2180 195 2227 Ea
216 2180 279 2226 enim
297 2188 348 2227 erat
365 2178 511 2243 reipublicae
535 2180 613 2241 ratio,
635 2188 663 2226 ut
696 2189 862 2243 argumentum
875 2180 923 2227 iam
936 2188 1064 2227 tractatum
1077 2178 1154 2227 denuo
1164 2179 1200 2226 ita

163 2279 187 2314 v.
201 2281 222 2312 c.
239 2264 364 2326 Lucretia,
378 2263 481 2326 Brutus,
495 2263 610 2325 Manlius,
624 2263 665 2310 Go-
698 2273 813 2326 tractare,
830 2273 858 2311 ut
875 2264 928 2328 quis
945 2265 1045 2327 scriptor
1061 2265 1087 2311 in
1105 2280 1132 2311 eo
1146 2280 1200 2329 pro·

162 2349 282 2411 riolanus,
296 2348 326 2397 ob
340 2358 467 2415 perpetuas
484 2349 610 2411 factiones,
623 2350 666 2418 vix¹
697 2350 774 2414 priam
794 2350 937 2396 inventionis
957 2347 1052 2399 landem
1074 2347 1121 2396 sibi
1138 2364 1199 2398 com·

163 2445 217 2484 tuto
226 2437 333 2500 componi
345 2445 449 2500 possent;
461 2443 485 2482 et
493 2435 545 2498 ipsa
553 2435 664 2496 Historia,
698 2443 779 2498 paret3
798 2443 877 2482 tamen
893 2436 982 2482 rectius
998 2434 1096 2482 lliadem
1109 2436 1134 2482 in
1147 2435 1202 2483 Tra·

163 2537 305 2587 quamquam
329 2519 388 2583 diu,
419 2521 491 2568 etiam
515 2518 662 2585 temporibus
695 2518 802 2586 goediam
824 2529 958 2582 convertas,
980 2535 1051 2585 quarn
1069 2536 1157 2568 novum
1173 2529 1198 2569 et

163 2606 224 2656 belli
244 2608 326 2655 Punici
344 2605 442 2654 secundi
465 2605 505 2654 hio
528 2605 581 2654 illic
598 2622 666 2655 orna·
697 2607 806 2671 ignotum
821 2615 987 2670 argumentum
1004 2604 1144 2656 conscribas.
1160 2607 1200 2655 llst

72 2712 74 2717 ·
164 2694 250 2741 mentis
262 2693 362 2758 poeticis
375 2691 498 2753 decorata,
511 2692 667 2740 universate·
698 2689 811 2738 hocloco
831 2689 963 2755 supplenda
982 2691 1106 2756 particula
1118 2707 1200 2754 quom

91 2768 92 2771 ¹
165 2793 219 2826 uren
231 2794 344 2843 personas
356 2775 431 2825 babet
442 2777 559 2839 veriores,
576 2786 601 2823 et
614 2793 666 2828 seu·
681 2769 684 2774 ⁸
698 2791 783 2839 quam,
807 2777 875 2823 cuius
897 2793 959 2824 usus
976 2775 1080 2824 nondum
1104 2775 1201 2840 quidem

166 2879 219 2911 sum
248 2864 322 2927 magis
349 2877 511 2922 communem,
534 2871 609 2926 utque
633 2863 668 2909 ita
700 2859 851 2923 observatus,
873 2870 952 2909 tamen
974 2860 1038 2925 apud
1054 2870 1146 2909 veteres
1161 2878 1202 2910 va·

166 2946 257 3010 dicam,
271 2949 416 3012 prosaicum,
430 2963 501 3011 quam
509 2955 537 2993 ut
550 2947 609 2994 istae
618 2962 671 3013 per·
702 2946 759 2996 luit.
768 2947 834 2995 Plato
843 2944 1030 3010 dellepubldll,
1037 2947 1119 3010 pald&
1127 2935 1202 3006 οἶμαι

166 3050 237 3082 sonae
258 3041 322 3082 reete
340 3033 426 3080 fierent
442 3032 560 3097 tragicae,
581 3040 609 3079 ut
625 3032 667 3080 lie·
696 3032 733 3084 ,δέ
751 3027 783 3095 ᾖε
801 3032 941 3096 ἀκηκοέναι
960 3031 991 3081 οὐ
1007 3035 1103 3090 σαφῶς.
1122 3033 1201 3082 Audi-

160 3117 226 3168 .bant
235 3118 346 3167 Graecae.
356 3119 448 3180 Tulit,
462 3118 542 3182 inquit
554 3117 666 3180 Liviusl,
700 3120 783 3181 visse,
802 3134 851 3166 non
867 3125 949 3165 tamen
964 3118 1073 3166 diserte:
1089 3119 1201 3181 quumvis

159 3208 245 3261 etiam
260 3207 371 3253 Bursam
383 3205 455 3269 regio
470 3204 604 3268 exemplam
618 3210 669 3252 tro·
700 3205 844 3266 audiuisse,
860 3220 908 3252 non
925 3211 1006 3251 tamen
1020 3204 1122 3253 diserte.
1142 3205 1203 3269 Apo·

164 3293 221 3357 gisi
240 3291 350 3340 sceleris.
380 3288 458 3338 Tullia
480 3299 558 3337 tamen
575 3298 600 3337 et
615 3289 670 3338 Tar-
701 3287 755 3353 log..
766 3288 868 3337 Socratis
885 3307 909 3354 p.
927 3291 993 3352 358,
1010 3291 1035 3338 Ε.
1049 3289 1121 3339 (lons.⁴
1129 3288 1204 3341 Index

167 3378 264 3443 quirius
278 3377 364 3424 Romae
378 3391 393 3424 a
414 3391 485 3424 scena
501 3373 581 3423 abesse
598 3373 669 3426 debe·
701 3373 823 3423 Plutarchi
838 3374 864 3423 in
877 3375 961 3441 Ellipsi
978 3377 1103 3441 καίπερ.”

160 3460 233 3515 bant.
248 3463 345 3511 Exstitit
358 3460 415 3510 oliui
428 3461 525 3510 Brutus
536 3459 666 3525 Tragoedia
730 3461 835 3509 Rectius
855 3462 962 3511 Iliacum
983 3477 1080 3509 carmen
1101 3461 1202 3511 &ducis

168 3549 194 3596 1..
224 3549 302 3610 attii,
331 3563 418 3595 novum
452 3544 569 3611 quoddam
593 3561 667 3610 genus
699 3546 730 3592 a'n
739 3545 1012 3613 aetualaquibusdam
1022 3538 1083 3594 MSS.
1093 3545 1201 3595 diducis.

169 3642 344 3697 praetextataes
359 3630 401 3680 sed
406 3633 503 3680 unicum
512 3631 610 3678 fortasse
620 3631 669 3679 suit
701 3632 729 3678 Et
743 3641 779 3681 est
792 3648 819 3680 ea
832 3649 879 3681 nou
891 3634 989 3682 insolita
1000 3633 1125 3696 utriusque
1135 3629 1204 3681 uerbi

167 3717 316 3782 exemplum:
331 3715 395 3783 quod
409 3717 520 3766 Romanis
533 3732 581 3764 non
594 3717 669 3782 magis
701 3719 856 3781 permutatio.
875 3718 932 3768 lide
948 3718 1052 3766 Curtium
1068 3716 1099 3765 ad
1113 3717 1203 3766 Lucani

161 3802 276 3867 placuit,
309 3818 380 3867 quam
408 3802 522 3850 Vestorio
541 3802 631 3849 Mileti
651 3817 668 3851 a
699 3801 806 3864 11‚2s4.
823 3802 1203 3865 bletaphoravelafluma'asest

169 3886 317 3954 Phrynicho,
343 3897 368 3935 et
389 3888 480 3935 Persae
503 3885 534 3934 ab
555 3884 669 3952 Aeschylo
691 3889 792 3951 petita,
806 3888 844 3935 vel
858 3905 872 3935 a
886 3890 952 3936 lano.
965 3887 1204 3937 Dedaoitrerssunren

170 3975 319 4039 conscripta,
347 3971 531 4022 Atheniensibus
554 3982 670 4038 perpetuo
701 3974 728 4021 iu
744 3974 835 4035 rivum,
853 3973 955 4021 alterum
969 3973 1082 4038 fluvium,
1098 3986 1127 4025 ut
1142 3992 1166 4025 v.
1180 3993 1202 4025 c.

159 4060 270 4125 placuit.
303 4057 448 4108 Niebuhrius
473 4068 498 4106 et
516 4059 541 4106 F.
555 4057 670 4123 Schlege-
702 4057 790 4108 Drusus
812 4057 922 4107 Rhenum
942 4059 1042 4110 deduxit
1063 4064 1089 4110 in
1109 4061 1202 4110 lsalam.
