2752 4844
209 425 248 487 10
463 422 676 485 nontin
706 423 950 488 tristata

234 626 428 718 Deficiunt,
453 628 644 721 animique3
670 628 840 722 professus
865 629 1002 724 grandia
1025 637 1157 725 turget3

203 848 251 896 iam
267 845 317 893 utri
332 843 509 909 praeferemus?
525 846 613 910 qnippe
629 844 695 894 haud
725 849 763 895 nis
794 864 879 912 genere
911 850 964 915 lene
991 851 1078 915 opponi
1100 866 1213 898 nervoso:

202 934 280 980 minus
301 947 369 979 sensu
393 925 462 995 quain
485 931 602 994 scriptura
618 929 693 978 altera
725 941 788 980 reete
812 932 869 991 hoe;
893 943 918 981 at
934 933 1029 999 ineptus
1044 937 1091 998 sit,
1117 937 1159 1000 qui
1174 935 1212 1002 τῷ

202 1015 274 1065 alteri
289 1016 420 1081 propinqua
434 1024 477 1063 est.
495 1016 691 1064 Leaiaeaemina
724 1017 774 1064 leoi
788 1034 914 1065 nerooseom
929 1023 1072 1084 opposuerit.
1095 1021 1172 1069 Cicero
1188 1024 1213 1070 in

200 1104 353 1151 Terentianus
368 1104 462 1150 Maurus
478 1117 502 1165 p.
519 1102 591 1148 2419.
614 1102 695 1148 Creti-
726 1104 798 1152 Bruto
814 1123 865 1171 sap.
874 1108 908 1153 48
921 1105 949 1153 de
957 1105 981 1153 C.
991 1106 1067 1153 lulio:
1079 1106 1148 1154 'Sunt
1160 1109 1215 1154 eins

201 1203 244 1236 ens
266 1189 296 1235 in
317 1187 427 1257 nostris,
450 1185 475 1231 si
497 1185 563 1230 lenia
582 1187 694 1232 camnine
725 1191 819 1252 aliquot
835 1193 971 1254 orationes,
988 1206 1018 1238 ea
1031 1193 1130 1254 quibas,
1147 1195 1214 1240 sinn

197 1281 313 1340 pangas,
345 1274 413 1320 Raro
434 1273 581 1320 invenitur:
610 1275 693 1336 qualis
724 1291 754 1322 ea·
767 1279 874 1324 eiusdem
885 1277 1147 1342 Tragoediis‚lenitas
1160 1279 1214 1325 eins

200 1361 246 1438 leia
266 1360 450 1419 Maliensem,
474 1356 566 1405 Insulae
587 1357 652 1406 Ionio
668 1360 693 1406 in
725 1364 781 1410 sine
796 1366 881 1412 nereis
895 1365 1003 1427 oonspiei
1016 1369 1107 1426 potest.
1132 1363 1215 1411 Noster

198 1463 308 1512 magno,
330 1462 388 1511 quas
408 1443 460 1493 dira
474 1443 588 1492 Celaeno:
615 1447 695 1493 Creti-
726 1447 799 1496 Serm.
816 1450 882 1498 11.1.
903 1451 969 1498 Sont
984 1450 1070 1513 quibas
1086 1449 1115 1494 in
1127 1449 1215 1496 Satira

198 1551 247 1584 aas
271 1534 373 1596 offendit
389 1546 432 1593 pes
448 1532 562 1595 primns,
586 1540 612 1579 et
627 1548 695 1596 aspe-
726 1536 813 1582 oidear
828 1537 906 1584 nimis
920 1551 988 1597 acer,
1006 1544 1031 1584 et
1045 1537 1215 1598 altralegern

203 1627 247 1668 rat
270 1633 350 1667 aures.
383 1617 419 1664 lta
445 1617 540 1682 quidem
565 1618 692 1668 editiones:
725 1621 852 1669 intendere
868 1638 939 1685 opas:
955 1622 1201 1669 sineneroisoltera

199 1704 245 1755 aad
263 1721 293 1754 ne
316 1721 344 1752 ex
369 1701 487 1751 adiunctis
504 1703 599 1769 quidem
621 1696 701 1754 seire·¹
727 1706 847 1771 qnidqaid
862 1708 1001 1771 Composui,
1022 1724 1086 1772 pars
1107 1723 1158 1755 esse
1168 1723 1216 1771 pn·

202 1793 250 1854 ris,
280 1792 375 1839 le'oiane
399 1805 430 1836 an
448 1792 515 1837 lenia
534 1790 627 1840 dederit
654 1810 695 1840 au·
728 1801 775 1842 tat.
796 1792 865 1841 Vides
885 1796 917 1842 τὸ
938 1811 993 1842 aere
1012 1795 1053 1843 hio
1074 1796 1161 1861 opponi
1176 1793 1215 1860 τῷ

201 1889 267 1929 otor:
291 1895 344 1926 eum
357 1891 465 1941 asperum
481 1875 544 1940 apud
559 1877 654 1925 Latinos
671 1887 695 1925 et
727 1882 781 1926 sine
797 1883 896 1941 ner'ais5
919 1883 987 1946 atqui
1002 1897 1058 1929 aare
1074 1891 1109 1929 est
1126 1891 1216 1929 eontra·

204 1966 256 2013 levi
264 1972 287 2010 et
296 1964 349 2010 leni
360 1970 498 2027 opponatur.
507 1962 600 2011 Terent.
610 1963 695 2013 Heaut.
728 1965 790 2011 rium
806 1966 859 2012 lieni
873 1983 920 2013 non
937 1968 994 2015 leni.
1011 1967 1089 2014 Cicero
1105 1968 1129 2014 in
1143 1966 1216 2013 Bruto

202 2052 255 2115 111,
277 2065 299 2113 1,
319 2051 360 2098 49.
381 2063 517 2113 asperum,
535 2050 629 2113 Pater,
654 2052 696 2099 hoe
729 2069 780 2117 sap.
805 2053 846 2101 25.
880 2054 932 2100 Iloo
954 2054 984 2099 in
1008 2059 1103 2099 oratore
1126 2051 1217 2113 latino

205 2146 259 2187 est:
275 2137 346 2186 alind
365 2138 458 2198 lenias,
475 2137 557 2199 sodes,
572 2138 636 2186 eide.
652 2139 697 2186 Lu·
728 2140 836 2202 primam
855 2139 921 2186 niti
942 2139 1042 2185 videtur
1063 2137 1155 2183 lenitas
1169 2135 1218 2181 illa

200 2228 293 2288 cretius
307 2225 339 2289 V,
349 2227 419 2274 1379.
439 2225 477 2274 At
489 2227 597 2290 liquidas
609 2229 693 2275 aviam
725 2228 870 2291 apparuisse
888 2227 1039 2275 Graecorum.
1057 2223 1147 2272 Ibidem
1164 2240 1216 2289 oap.

204 2330 272 2363 voees
290 2314 420 2361 imitarier
437 2328 477 2360 ore
492 2315 694 2375 Antefnit'mal-
724 2316 764 2362 44.
790 2314 914 2362 Maltain
928 2329 956 2360 eo
970 2316 1080 2361 oratione
1088 2313 1216 2376 graviter,

205 2409 244 2464 to,
261 2417 332 2464 mam
344 2401 409 2446 lenia
424 2403 534 2448 earmina
546 2411 620 2449 eanta
637 2404 696 2450 Con·
727 2402 807 2447 malta
819 2401 911 2446 leniter
915 2421 925 2459 ,-
939 2402 1018 2446 malta
1029 2413 1126 2461 aspere,
1139 2400 1219 2445 malta

203 2487 324 2535 celebrare
339 2486 448 2532 tornines
460 2494 562 2549 possent
576 2493 694 2551 annosque
717 2486 804 2546 soeete
816 2487 883 2533 dieta
898 2492 966 2533 sont.
985 2485 1012 2532 In
1027 2485 1121 2532 Oratore
1131 2501 1182 2549 cap.
1191 2485 1216 2533 9.

199 2574 297 2620 invare.
328 2570 463 2634 Propertius
485 2571 512 2634 1,
531 2575 554 2621 9.
581 2575 643 2620 Plns
664 2575 695 2621 in
727 2574 864 2620 Elaborant
876 2572 925 2619 olii
937 2572 967 2617 in
979 2572 1084 2618 lenitate
1094 2577 1120 2616 et
1132 2584 1218 2632 aequa-

201 2674 284 2707 amore
299 2659 366 2704 valet
380 2658 527 2706 Mimnermi
546 2674 631 2706 versas
646 2659 696 2706 llo·
728 2660 840 2722 tilitate,
866 2665 892 2705 et
905 2673 969 2721 paro
984 2657 1057 2720 qnasi
1072 2656 1172 2718 proclam
1193 2662 1218 2702 et

203 2762 282 2796 mero:
312 2746 428 2793 Cannina
456 2753 597 2816 mannpetns
627 2747 695 2794 lenia
727 2745 830 2794 eandida
836 2759 926 2810 genere
939 2743 1045 2790 dicendi.
1062 2739 1153 2788 Ibidem
1165 2757 1216 2805 cap.

204 2836 303 2901 poluerit
336 2849 412 2882 amor.
459 2833 544 2881 Verum
570 2831 696 2897 utrobique
728 2835 769 2881 98,
798 2833 849 2890 Qui
869 2833 934 2879 enim
955 2829 1024 2877 sitit
1041 2835 1126 2891 potest
1151 2834 1219 2874 tran-

205 2922 304 2972 turbant
311 2921 405 2970 Codices
418 2920 540 2982 nonnulli,
552 2919 603 2967 illie
617 2920 695 2981 lenia,
729 2919 818 2982 qaille,
834 2918 904 2964 nihil
914 2917 1019 2976 leniter,
1031 2914 1100 2960 nihil
1106 2913 1216 2976 partite,

206 3009 324 3058 bieleeia
337 3007 487 3065 exhibentem
502 3015 530 3053 ut
546 3005 576 3053 ad
589 3013 697 3053 neutram
729 3006 846 3066 definite,
871 3004 1006 3063 distinete,
1022 3000 1107 3060 faceto
1128 3000 1217 3047 dicere.

206 3104 298 3161 partem
314 3092 372 3141 haee
388 3093 528 3141 locasaeere
545 3100 641 3156 queant.
657 3091 698 3138 Fa·
729 3088 790 3138 Ibid.
813 3107 863 3155 cap.
886 3092 926 3137 30.
956 3087 1034 3138 Nihil
1053 3087 1117 3140 enim
1140 3084 1218 3145 ample

206 3191 247 3230 vet
263 3178 326 3228 illud
342 3180 431 3244 magis,
448 3177 511 3244 quod
528 3175 607 3224 eadem
623 3187 697 3224 meta·
731 3177 816 3237 Cotta,
832 3177 901 3223 nihil
910 3176 1001 3222 leniter
1013 3173 1154 3236 Sulpicius,
1170 3185 1218 3216 non

206 3268 282 3336 phora
294 3267 377 3315 Graeci
391 3265 505 3313 Rhetores
517 3264 549 3311 τὸ
560 3261 697 3330 γλαφυρὸν
729 3266 808 3312 malta
825 3265 943 3328 graviter
963 3261 1122 3310 Hortensius.
1154 3241 1234 3304 Ibid.v

208 3362 233 3402 et
250 3353 282 3401 τὸ
302 3350 386 3409 iiten,
405 3350 444 3397 eui
459 3350 491 3396 τὸ
509 3348 598 3414 τραχὺ
616 3359 697 3398 contra
729 3368 780 3416 cap.
794 3352 834 3400 31.
856 3351 1031 3398 Demosthenes
1046 3347 1114 3394 nibil
1127 3346 1219 3408 Lysiae

208 3450 330 3502 statuunt,
363 3455 432 3503 saepe
461 3436 611 3502 praedicent3
643 3455 697 3485 nam
729 3438 872 3486 subtilitate
887 3439 964 3498 aedit,
986 3435 1055 3482 niltil
1068 3432 1180 3496 argentiis
1192 3437 1218 3477 et

209 3528 283 3578 istae
296 3529 379 3592 utique
394 3528 444 3573 leae
458 3534 506 3586 est,
523 3541 569 3572 non
583 3527 642 3572 lene.
656 3525 699 3574 La·
731 3524 842 3572 animine
862 3524 998 3588 Hyperidi,
1025 3521 1094 3567 nihil
1115 3519 1219 3565 lenitate

208 3619 271 3666 tinos
287 3626 365 3664 tamen
381 3615 406 3661 in
422 3612 466 3661 hae
479 3615 596 3661 sententia
609 3615 661 3660 lene
675 3622 699 3660 et
730 3609 850 3659 Aeschini
880 3616 906 3656 et
935 3610 1059 3673 splerrdore
1086 3608 1217 3654 perimam.

212 3703 341 3750 lenitatem
357 3699 442 3764 passim
458 3699 516 3748 alias
532 3700 640 3748 maluisse
657 3717 698 3765 pro
731 3698 764 3745 De
781 3698 869 3762 optimo
885 3713 970 3760 genere
984 3695 1046 3743 Orat.
1065 3697 1147 3758 cnp.2.
1171 3693 1221 3740 Sed

211 3798 329 3853 comperto
346 3805 399 3836 mox
414 3785 525 3834 habebis:
544 3788 569 3833 in
585 3784 629 3833 hoe
644 3801 699 3832 vero
732 3781 896 3829 atoariorum
918 3786 943 3827 et
963 3785 1090 3828 structore
1105 3781 1220 3844 quaedam

211 3876 303 3924 Horatii
318 3875 369 3923 loeo
383 3876 451 3923 lenia
466 3875 560 3921 omnino
572 3871 699 3938 legendum
731 3869 792 3916 toas
807 3882 847 3914 res
864 3866 980 3929 efficiens,
1002 3882 1128 3915 nnmerum
1144 3874 1169 3914 ot
1186 3869 1219 3913 lo-

211 3978 262 4010 esse
274 3959 313 4008 rel
327 3961 479 4025 oppositionis
491 3960 551 4007 ratio
564 3958 626 4007 clare
635 3959 699 4005 evin·
730 3957 843 4003 nitatem.
861 3955 893 4001 De
909 3953 1011 4020 Legibus
1027 3956 1054 4017 1,
1071 3957 1095 4005 4.
1121 3956 1154 4002 llt
1168 3955 1220 4000 iam

212 4055 264 4108 eet,
289 4051 422 4092 sectantem
445 4046 512 4092 lenia
539 4045 612 4092 narei
635 4044 701 4104 Dest-
734 4043 814 4089 oratio
836 4048 879 4088 tna
895 4055 943 4088 non
958 4041 1063 4090 maltam
1079 4057 1094 4088 a
1111 4040 1221 4087 Philoso-

211 4126 283 4182 eiam
295 4131 426 4194 animique.
443 4129 488 4180 Ubi
499 4129 566 4179 vides
578 4131 603 4178 in
616 4131 701 4178 oratio·
728 4131 833 4194 pliorem
851 4130 958 4177 lenitate
976 4129 1050 4176 absit.
1084 4123 1118 4172 td
1133 4123 1222 4170 lieren·
