2752 4844
537 417 597 478 au
629 417 845 478 PISONES.

206 617 277 689 Aut
302 642 424 715 operae
449 619 565 690 celeris
589 620 730 690 nimium
753 644 902 717 curaque
926 626 1085 716 carentis,

174 843 329 909 ignorantiae.
346 843 430 892 Verum
447 843 541 910 quidem
558 843 603 891 hoc
620 853 668 892 cst:
703 843 855 904 Graecorum
871 855 899 894 ut
913 863 942 894 ex
955 845 993 895 his
1005 846 1034 895 de
1047 848 1147 914 integris
1161 849 1202 897 Fa-

173 946 220 977 non
237 940 315 978 tamen
331 931 477 995 ignorantia,
494 928 535 977 sed
549 929 672 994 negligen·
703 928 768 977 bulis
786 928 849 978 idem
875 932 1009 980 existimare
1031 918 1111 982 liceat.
1133 933 1202 982 Vides

175 1017 209 1064 tia
226 1025 250 1064 et
267 1033 307 1082 spe
325 1018 407 1064 veniae
424 1014 553 1081 peccabant
570 1024 669 1063 veteres.
703 1015 764 1075 iam,
782 1017 876 1080 opinor,
890 1016 977 1065 claram
991 1017 1152 1084 liquidamque
1167 1035 1202 1067 es·

173 1101 229 1150 Cum
251 1103 313 1151 enirn
337 1104 433 1150 Latinus
454 1118 528 1150 sermo
550 1102 672 1166 pauciores
704 1116 742 1162 se,
763 1117 833 1165 quam
854 1100 977 1166 dedimus,
1001 1103 1200 1153 emendationem:

173 1187 260 1237 habeat
275 1188 358 1237 breves
374 1187 490 1254 syllabas,
515 1204 585 1253 quam
601 1187 671 1235 (irae-
704 1188 735 1235 Ia
751 1201 846 1234 scenam
861 1190 954 1236 minues
971 1205 1026 1237 cum
1041 1205 1129 1254 magno
1140 1206 1203 1254 pon-

173 1289 229 1323 cus:
261 1278 303 1342 qui
326 1277 396 1340 primi
420 1275 506 1322 Graeca
530 1281 671 1334 verterunt,
704 1271 760 1320 dero
773 1288 865 1322 versus.
884 1273 928 1321 Ubi
938 1276 1035 1340 insuper
1048 1291 1102 1323 cum
1114 1291 1202 1340 arrogas

173 1360 253 1410 labore
270 1372 295 1410 et
311 1360 451 1410 difficultate
468 1360 563 1421 territi,
589 1356 670 1406 simul·
697 1359 805 1422 pondere
826 1376 855 1408 ex
878 1359 986 1408 omnibns
1007 1362 1101 1426 scriptis
1120 1371 1145 1409 et
1160 1378 1201 1409 no-

173 1463 219 1513 que
239 1456 264 1495 et
284 1457 442 1512 spectatorum
458 1445 578 1511 imperitia
594 1442 669 1492 fiden-
700 1445 756 1492 stris
772 1455 796 1492 et
812 1445 949 1494 Bersmanni
963 1445 1110 1495 adscivimus.
1124 1447 1202 1494 Minus

173 1543 209 1582 tes
221 1543 292 1600 atque
305 1534 443 1595 abutentes,
458 1531 571 1596 spondeos
583 1531 668 1596 passim
700 1533 758 1578 scite
771 1530 862 1578 codices
874 1548 1024 1596 cummagno
1033 1533 1150 1596 pondero,
1164 1534 1201 1581 in·

173 1636 215 1686 pro
239 1618 323 1667 iambis
347 1620 502 1666 intruserunt.
522 1617 624 1681 Cumque
646 1617 671 1663 in
704 1617 757 1681 quit
773 1616 939 1664 Bersmnnnus:
956 1635 1003 1665 non
1020 1617 1122 1665 advertit
1138 1618 1202 1666 scili·

172 1721 199 1752 re
223 1699 282 1753 no'va
306 1721 374 1752 nemo
396 1713 456 1751 esset
477 1703 520 1768 qui
541 1703 668 1749 correctius
701 1711 739 1748 cet
757 1711 781 1749 et
798 1701 856 1749 alias
873 1703 907 1749 sic
921 1702 996 1750 solere
1013 1703 1121 1751 Nostrum
1137 1702 1200 1767 (vide

173 1790 300 1848 scriberet3
334 1791 383 1838 sine
413 1790 584 1854 comparatione
615 1787 669 1852 pul·
701 1787 804 1835 Sermon.
821 1787 956 1852 1‚x'‚49.)
980 1799 1004 1836 et
1026 1787 1066 1836 hic
1088 1789 1201 1836 Venerem

173 1875 291 1924 ebriorum
302 1875 340 1923 vel
357 1874 471 1922 deformia
487 1874 531 1921 illa
544 1875 600 1922 satis
615 1873 668 1939 pul·
702 1871 817 1939 quandam
835 1875 860 1921 in
876 1876 927 1939 ipsa
944 1876 1136 1939 pronuntiatione
1151 1884 1217 1923 stur

174 1961 230 2010 chra
245 1960 400 2023 videbantur,
420 1962 457 2008 Et
473 1961 532 2008 dato
548 1961 668 2008 Rmuanis
701 1958 740 2007 dio
755 1961 884 2024 quaesitam
899 1977 959 2008 esse:
971 1961 1030 2008 Cum
1043 1977 1131 2026 πιαὲπο
1139 1977 1201 2024 pon-

171 2049 245 2095 veaa'a
261 2054 299 2095 est
315 2047 420 2112 indigna
428 2047 520 2110 poetis.
538 2047 619 2093 Postea
633 2056 668 2093 ta·
700 2045 770 2105 ἄστε’,-
786 2062 845 2110 quac
860 2045 915 2094 dum
929 2048 1035 2112 profers,
1048 2049 1125 2112 ipsum
1138 2044 1202 2094 illud

172 2151 226 2182 men
242 2132 286 2182 sub
301 2134 393 2180 Horatii
406 2141 498 2193 aetate,
513 2148 565 2179 cum
581 2132 669 2179 Graeca
701 2130 792 2195 pondus
810 2142 834 2180 et
848 2132 913 2179 lente
927 2132 1075 2181 ambulantes
1088 2132 1202 2198 spondeos

173 2220 258 2283 passim
280 2221 305 2266 in
330 2216 437 2265 manibus
458 2233 506 2264 esse
527 2225 669 2280 coeperunt,
702 2231 758 2263 voce
782 2226 807 2264 et
827 2218 913 2280 spiritu
930 2220 1087 2282 persentiscis.
1113 2219 1201 2283 Lapsus

172 2320 219 2352 non
241 2303 342 2352 ulterius
358 2304 440 2368 aequis
454 2299 550 2350 auribus
566 2302 667 2366 accipie·
699 2311 779 2348 autem
798 2311 834 2349 est
845 2304 948 2367 graviter
965 2306 1067 2369 optimus
1083 2304 1200 2352 lictorius

173 2387 260 2437 bantur
276 2388 342 2437 tarde
359 2388 479 2435 volventes
494 2385 605 2452 spondei,
629 2385 670 2434 sed
702 2385 731 2434 ad
747 2386 863 2435 Ciceronis
878 2388 1019 2452 Fam..v‚e.
1037 2389 1081 2437 ubi
1096 2407 1126 2438 ex
1138 2389 1200 2438 MSS.

173 2477 247 2524 coacti
263 2485 318 2524 sunt
333 2483 417 2540 poetae
434 2472 464 2521 ad
480 2475 538 2521 artis
553 2472 630 2537 legem
645 2481 670 2519 et
701 2468 841 2538 quibusdam
862 2474 945 2538 reponi
962 2474 1001 2522 hic
1017 2474 1099 2538 iubet,
1119 2477 1160 2523 hic
1176 2482 1201 2523 et

94 2541 99 2547 .
172 2578 275 2610 normam
293 2562 433 2609 Graecorum
452 2557 595 2607 modulatius
613 2560 670 2606 scri·
702 2561 731 2606 e'n
742 2557 804 2607 Arci
814 2561 949 2608 Mobilibus
960 2563 1087 2609 trimetris
1097 2569 1201 2626 apparet

172 2645 236 2695 bere.
255 2645 320 2710 Quod
338 2662 390 2694 cum
407 2662 436 2693 ex
452 2645 552 2694 Senecae
568 2644 666 2709 Tragoe-
698 2660 772 2692 rarus
788 2652 814 2692 et
830 2644 906 2694 Enni.
930 2646 995 2694 Nihil
1012 2647 1134 2696 infelicius
1150 2647 1199 2697 dici

174 2732 219 2782 diis
239 2735 286 2781 iam
308 2732 365 2780 licet
387 2747 541 2796 cognoscere,
566 2739 617 2777 turn
640 2746 668 2777 ex
701 2730 788 2794 potuit.
806 2731 859 2777 Esto
876 2731 938 2778 enim
954 2741 983 2779 ut
995 2730 1081 2794 iambi,
1095 2734 1143 2780 sive
1157 2734 1201 2782 tri-

173 2819 317 2884 Fragmentis
341 2834 401 2883 quae
426 2833 456 2864 ex
480 2815 569 2877 Ovidii,
590 2815 669 2877 Varii,
703 2817 787 2877 metri,
804 2813 847 2862 ubi
862 2817 918 2879 puri
934 2826 1002 2879 sunt,
1020 2818 1076 2879 citi,
1096 2817 1199 2881 celeres,
1244 2826 1250 2840 “

172 2903 318 2970 Gracchique
338 2902 426 2950 fabulis
441 2899 511 2947 hodie
536 2909 670 2964 supersunt.
704 2899 816 2963 mobiles,
841 2910 965 2966 praepetes
985 2901 1149 2966 appellentur:
1174 2912 1200 2951 at

173 2989 267 3038 Ovidius
283 2990 308 3037 in
324 2987 404 3035 Medea
421 2984 484 3052 apud
497 2984 669 3049 Quintilianum
700 2984 740 3034 hic
761 2988 859 3051 utique,
881 2985 925 3035 ubi
945 3003 1011 3035 rarus
1032 2989 1077 3036 iste
1093 3005 1135 3053 pes
1156 2990 1200 3037 tri-

172 3075 237 3138 l‘lll,
251 3076 275 3122 5.
301 3074 404 3122 Servare
418 3072 505 3136 potui,
519 3070 670 3135 perderem
701 3079 787 3119 metros
795 3070 990 3137 ingreditur‚sed
998 3072 1123 3121 stabilibus
1131 3091 1199 3140 spon-

168 3162 264 3227 possim
279 3156 374 3225 rogas?
394 3157 476 3206 Varius
491 3156 606 3223 Thyeste,
623 3155 668 3204 ibi·
701 3155 754 3204 deis·
761 3155 812 3204 loeo
823 3156 905 3205 cedere
914 3160 1019 3222 cogitur3
1030 3168 1122 3208 tantum
1130 3159 1199 3208 abest

173 3247 226 3296 dem
238 3247 286 3310 Ill,
299 3249 323 3294 8.
341 3243 461 3304 sumsero
475 3243 668 3304 infandissimo,
701 3251 730 3289 ut
746 3240 845 3289 mobiles
861 3251 886 3290 et
900 3243 1027 3308 incogitati
1041 3245 1101 3293 fiant
1119 3247 1200 3294 trime-

172 3334 226 3382 Iam
232 3333 319 3394 focem
334 3345 413 3396 cogor.
430 3327 547 3377 Gracchus
553 3327 669 3395 Thyeste,
702 3327 735 3374 tri
750 3327 863 3388 Enniam,
885 3327 1010 3391 actarde,
1027 3328 1106 3392 lente,
1123 3333 1199 3396 gravi·

173 3418 237 3485 apud
249 3418 392 3466 Priscianum
406 3414 449 3478 ll,
464 3431 489 3479 p.
503 3415 557 3463 rlt.
577 3413 672 3462 Mersit
704 3421 754 3475 ter,
768 3411 897 3477 ponderose
909 3413 1033 3478 incedant,
1047 3415 1110 3481 quod
1121 3418 1199 3480 ipsum

172 3502 437 3568 sequenteshumidnm
445 3501 549 3564 plantas
562 3500 667 3547 humum.
701 3496 743 3545 hic
767 3499 875 3563 queritur
899 3508 923 3547 et
949 3500 1070 3565 vituperat
1093 3500 1198 3549 Flaccus

172 3590 209 3637 lta
224 3587 350 3655 legendum
367 3586 482 3647 arbitror,
499 3601 546 3632 non
560 3584 668 3647 puratis.
700 3583 773 3631 Recte
794 3584 868 3648 igitur
884 3585 1017 3648 nobilibus,
1043 3585 1197 3651 εἰρωνικῶςῐ

172 3674 279 3722 Humum
307 3674 464 3722 nominativus
492 3679 544 3733 est,
578 3670 670 3734 generis
702 3685 759 3735 quos
775 3670 816 3718 isti
832 3669 936 3718 fautores
953 3680 978 3718 et
994 3670 1147 3720 admiratores
1158 3687 1198 3719 ve·

172 3759 288 3807 neutrius.
311 3756 375 3806 ldem
391 3757 514 3818 Atalanta,
538 3753 628 3803 ibidem
643 3770 668 3819 p.
702 3764 780 3803 terum
801 3755 934 3804 in'caelum
951 3755 1068 3804 serebant.
1090 3756 1198 3805 Ceterum

172 3847 229 3894 683.
254 3845 362 3909 Ograta
377 3844 461 3905 cordo,
478 3843 575 3906 regium
591 3855 671 3906 egres·
702 3839 766 3888 hunc
790 3839 868 3888 locum
892 3839 935 3888 diu
959 3857 1118 3900 correxeram
1144 3859 1197 3891 cum

172 3947 226 3980 sum
241 3930 364 3978 indicans.
385 3929 417 3976 lli
433 3928 549 3988 trimetri,
568 3927 610 3991 qui
625 3925 670 3974 soli
701 3935 782 3992 postea
810 3922 971 3990 deprehendi,
1003 3936 1027 3975 et
1052 3925 1198 3976 Theodorum

172 4025 235 4066 nun'c
257 4024 347 4064 restant
368 4030 398 4061 ex
415 4013 511 4061 Horatio
528 4009 669 4077 supparibus
701 4009 832 4059 Marcilium
852 4009 915 4058 illud
936 4013 1029 4060 misnae
1050 4015 1152 4078 prior'em
1168 4031 1198 4064 ex

171 4103 291 4169 Tragicis,
320 4099 465 4150 exactissime
490 4107 584 4146 servant
606 4097 671 4172 leges
704 4078 838 4144 coniectura
853 4094 958 4162 dedisse,
976 4107 1000 4146 et
1015 4098 1049 4149 Cl.
1067 4100 1138 4148 etiarn
1154 4101 1198 4148 lla·
