2752 4844
182 375 224 438 26
442 374 661 454 nonnuli
691 373 936 438 nrrsronn

210 579 257 651 Ut
278 579 380 652 silvae
403 577 493 652 foliis
516 604 642 677 pronos
661 586 840 652 mutantur
862 582 903 662 in,
919 601 1043 672 anuos,

176 785 669 853 cutiseimuloqueudiumgietru,utm-
700 785 843 834 Aureliano:
868 786 970 834 Mmetu
991 786 1090 851 opuflces
1113 785 1196 850 delet,

178 875 281 936 dumque
291 875 369 938 pum
383 890 504 940 sommis,
529 883 560 924 ut
574 891 670 924 uummo
703 874 766 938 quod
787 873 951 920 nummariam
972 880 1056 920 uotum
1073 876 1196 940 corrupis-

176 959 220 1008 cue‘
229 959 332 1022 publicu
345 959 431 1019 forum
449 969 495 1011 est.
518 960 600 1010 Curius
616 962 670 1010 For·
703 967 766 1010 emt.
782 960 853 1007 Varro
867 957 896 1006 (Ie
912 957 946 1005 Re
960 963 1047 1009 rustico
1063 963 1100 1024 11,
1117 965 1141 1010 1.
1158 963 1196 1010 Et

177 1047 314 1094 tunatiauus
332 1045 375 1096 lib.
389 1049 432 1098 Ill.
455 1051 499 1098 Vir
510 1051 669 1114 perfectioni·
701 1048 763 1112 quod
775 1063 817 1095 uec
833 1047 1039 1109 antiquissimum
1054 1065 1142 1112 pecore
1155 1058 1195 1099 eet

176 1149 231 1182 mue
247 1135 325 1197 dicit,
345 1136 465 1184 Utendum
480 1143 519 1184 est
530 1137 624 1197 verbis,
641 1143 672 1183 ut
704 1143 824 1184 moturum.
850 1134 939 1182 Plinius
959 1133 1019 1182 Hist.
1035 1135 1125 1199 XVIII,
1145 1139 1194 1201 68,

174 1223 282 1270 mummia
300 1224 403 1287 pottis'ea
426 1231 523 1270 moneta
547 1225 668 1288 riguntis.
702 1224 817 1287 figurata:
836 1223 933 1270 dicebat
950 1223 993 1270 boo
1009 1222 1197 1273 discrimemin-

174 1307 203 1355 Et
216 1310 315 1356 iterum:
332 1315 419 1370 apertu
435 1309 547 1372 qumuodo
560 1310 612 1356 erit
625 1311 671 1356 elo-
703 1309 828 1356 dubitatis
852 1310 920 1356 uotis
938 1309 1053 1373 signasse
1069 1317 1194 1360 moturum.

174 1391 264 1442 cutio?
285 1394 311 1440 ei
326 1400 424 1442 utemur
440 1397 521 1442 verbis
532 1396 665 1459 propriis,
699 1393 767 1442 Nota
782 1395 858 1458 igitur
873 1396 899 1442 in
915 1395 1017 1442 nummis
1035 1391 1098 1442 idem
1117 1405 1152 1443 est
1164 1414 1192 1446 ac

173 1475 296 1542 usitatis,
317 1480 386 1527 sicut
403 1482 524 1543 nummis,
545 1489 574 1528 ut
595 1483 666 1543 diui,
692 1480 794 1542 sorum,
820 1496 873 1528 cum
889 1482 915 1528 iu
932 1479 990 1528 locis
1006 1496 1077 1544 supra
1098 1482 1190 1543 citatis,

169 1565 272 1629 publicu
287 1571 383 1612 moneta
404 1567 525 1630 signatis.
551 1567 669 1615 Iuvenalis
703 1576 753 1614 tum
773 1575 798 1614 et
816 1564 859 1613 illo
875 1565 977 1614 Senecae
996 1565 1025 1614 de
1042 1567 1144 1617 Renelic.
1160 1569 1194 1630 l,

173 1651 228 1714 ΙΙΙ,
244 1653 285 1700 55.
308 1652 357 1700 Sed
372 1659 453 1705 cotem
468 1653 610 1718 egregium,
626 1653 669 1700 cui
700 1653 740 1701 29.
757 1648 815 1700 Non
831 1650 1107 1716 coenomanorum,
1124 1667 1193 1715 quem

172 1753 221 1786 nnn
244 1739 283 1785 su't
298 1738 400 1800 publicu
421 1752 496 1800 uena,
528 1738 578 1795 Qui
599 1738 668 1785 nubit
699 1737 815 1784 burburus
830 1742 857 1782 et
876 1735 982 1799 igmarus
994 1739 1094 1800 formae
1109 1740 1196 1803 publi-

173 1826 311 1888 euposc'tum
327 1826 405 1872 soleat
418 1823 546 1886 deducere,
564 1838 607 1870 nec
623 1824 668 1884 qui
699 1838 741 1870 cue
764 1823 862 1871 reiecit.
885 1823 960 1888 Ergo,
984 1828 1063 1892 inquit
1083 1826 1193 1890 Flaccus,

175 1915 303 1962 Cmnmuui
314 1965 315 1968 Ἴ
326 1913 412 1971 feriat
436 1926 533 1958 corucem
563 1912 667 1958 tmuiolo
699 1920 727 1958 ut
742 1912 815 1959 cuivis
828 1913 903 1959 aetati
918 1911 988 1961 licuit
1002 1924 1026 1960 et
1040 1912 1137 1975 licebit,
1153 1912 1193 1961 vel

173 2007 277 2048 moneto.
291 1999 382 2072 ¹Seneca
399 1997 428 2046 ‹le
445 1999 547 2046 Benefie.
564 1998 612 2059 111,
626 1999 666 2046 35.
699 2014 806 2048 nummos
831 2015 861 2047 ex
884 2015 944 2048 nova
967 2002 1066 2049 materia
1091 2000 1192 2063 cudere,

172 2086 227 2134 Ium
251 2089 345 2146 tempus
368 2088 407 2128 est
431 2081 547 2144 quaedam
572 2097 603 2129 eu
625 2098 665 2128 uo
696 2072 737 2130 ¹vel
760 2093 853 2132 veteres
872 2085 918 2133 iam
944 2087 1014 2134 tritos
1033 2095 1061 2143 et¹
1076 2084 1193 2134 obsoletos

172 2180 241 2234 stru,
264 2178 295 2219 ut
317 2171 358 2217 itu
382 2169 477 2231 dicam,
493 2174 590 2214 mnnetu
606 2183 665 2231 pro·
699 2166 800 2216 conflare
818 2184 844 2216 oc
858 2157 982 2234 praesente
995 2179 1052 2220 notu
1069 2169 1145 2218 denuo
1161 2171 1192 2230 si·

165 2258 245 2320 serm.
262 2256 335 2306 Recte
352 2265 432 2305 autem
445 2269 568 2302 nummum
580 2255 666 2318 signu·
699 2271 784 2320 gnare3
810 2257 845 2303 ita
868 2256 940 2304 verbu
964 2273 1057 2323 quoque
1081 2257 1151 2306 licuit
1167 2265 1193 2305 et

174 2353 241 2394 tum:
256 2348 291 2394 ita
304 2344 420 2392 Minucius
434 2341 501 2390 Felix
517 2359 538 2390 c.
555 2346 596 2390 22.
621 2343 665 2388 Li·
698 2341 781 2391 licebit
802 2343 841 2390 vel
862 2359 922 2390 nova
947 2359 1042 2406 prorsus
1059 2344 1149 2408 fingere
1166 2351 1192 2390 et

174 2443 241 2482 torus
253 2434 409 2496 imprimere,
424 2446 534 2477 nummos
549 2431 665 2493 signare,
699 2431 793 2492 lacere,
814 2429 853 2478 vel
877 2431 1000 2494 antiquata
1022 2438 1046 2476 et
1063 2427 1139 2476 desita
1154 2444 1192 2475 re-

172 2524 340 2570 inotrumeutu
360 2519 482 2578 conficere.
506 2515 666 2563 Tertullianus
698 2517 763 2564 conti
776 2514 863 2564 incude
875 2518 1018 2578 reformare,
1034 2530 1094 2562 nova
1111 2516 1192 2563 termi-

171 2608 271 2674 tpolog.
292 2624 314 2657 c.
339 2608 379 2654 10.
412 2603 526 2666 Imagines
549 2602 668 2666 signatus
698 2603 795 2650 natione
824 2601 863 2651 vel
892 2602 1052 2653 modulatione
1081 2605 1190 2665 cancre,

172 2709 294 2743 nummus.
319 2690 460 2740 Prudentius
472 2687 603 2753 Peristeph.
617 2688 664 2750 111,
697 2703 757 2735 nova
774 2689 884 2737 iunctura
901 2688 947 2738 alio
969 2689 1087 2739 declinare
1105 2699 1129 2738 et
1145 2689 1189 2738 fle·

174 2787 230 2834 roo.
255 2785 295 2832 m·
306 2783 401 2845 sacru,
422 2781 665 2830 nonsummum
696 2762 775 2827 uem
787 2779 946 2828 anninus.

173 2874 268 2938 Sigrmt
290 2871 350 2920 dour
367 2871 507 2945 pe'meuium.
538 2869 615 2917 cicero
635 2869 662 2916 in
727 2867 792 2916 Illud
805 2869 961 2935 epiphpnema
977 2884 1013 2915 me
1028 2864 1124 2932 quidem
1141 2883 1190 2917 nou

172 2959 251 3024 Topic.
276 2975 297 3008 c.
319 2959 359 3008 1³.
384 2958 417 3006 Si
434 2956 542 3021 pecunia
562 2955 666 3017 signata
698 2952 807 3004 offendit.
830 2955 926 3003 Cursum
940 2954 1051 3005 orationis
1064 2952 1128 3002 hunc
1141 2970 1191 3002 esse

173 3052 303 3110 argeutum
319 3051 371 3104 est,
396 3045 479 3106 legata
494 3047 534 3088 eet
548 3039 652 3086 mulieri
656 3056 666 3086 .·
698 3037 813 3088 arbitror:
831 3039 931 3089 Dabitur
946 3040 1006 3088 haec
1018 3037 1066 3087 tibi
1083 3039 1190 3088 licentia.

173 3138 213 3180 est
232 3137 315 3178 autem
330 3129 439 3192 pecunia
456 3128 560 3191 signato
578 3139 665 3189 urgen-
697 3123 723 3172 Si
738 3124 808 3173 licuit
824 3125 966 3189 maioribus,
985 3127 1068 3192 negari
1080 3126 1126 3174 hoc
1142 3144 1190 3175 nou

175 3226 242 3282 tum,
259 3219 342 3282 legata
354 3217 446 3281 igitur.
464 3216 554 3265 Gellius
570 3217 606 3279 11,
624 3217 662 3263 10.
697 3224 776 3279 potest
787 3214 863 3265 nobis.
890 3217 1024 3266 Concessere
1042 3216 1142 3265 Caecilio
1164 3225 1189 3264 et

174 3304 232 3367 Nou
258 3303 318 3350 rum
341 3317 383 3348 aes
405 3308 595 3367 argentumque,
624 3298 668 3346 sed
698 3297 853 3360 Plauto‚cur
864 3301 963 3351 Romani
972 3302 1070 3367 Virgilio
1084 3311 1109 3350 et
1122 3301 1189 3350 Vario

169 3395 238 3458 fictu
251 3398 277 3438 et
291 3390 395 3454 signatu
405 3388 521 3452 peeum'u.
543 3386 567 3433 S.
583 3385 665 3432 Hiero·
696 3384 801 3448 negent?
816 3384 871 3433 Cato
884 3397 909 3435 et
924 3389 1011 3442 Erurim
1024 3388 1127 3453 plurima
1142 3405 1189 3435 no-

175 3495 261 3547 nymus
281 3479 307 3526 iu
327 3477 379 3524 lita
398 3473 475 3523 Paulli
491 3473 618 3521 Eremitae:
635 3471 665 3518 in
696 3485 726 3517 va
756 3467 870 3519 vocabula
894 3474 1029 3536 finxerunt,
1057 3490 1099 3521 cur
1128 3473 1189 3522 milri

175 3568 264 3630 quibus
278 3565 377 3612 seuleus
391 3563 444 3609 ium
455 3560 557 3608 incudes
569 3565 594 3606 et
605 3558 667 3604 mal·
698 3556 842 3620 irascantur,
851 3560 872 3606 si
879 3560 969 3608 linxero
982 3562 1073 3627 panca?
1086 3561 1134 3609 lmo
1151 3558 1189 3624 (ut

176 3655 224 3717 tei,
239 3649 523 3716 quibuspecuuiusolim
536 3647 664 3710 signatus,
697 3640 742 3688 boc
764 3654 928 3706 argumentum
947 3643 1093 3710 concludam)
1117 3644 1188 3694 licuit

175 3743 327 3791 uisebantur.
349 3738 437 3786 Seneca
452 3734 481 3784 de
496 3731 627 3798 Tranquill.
641 3747 662 3778 c.
697 3738 722 3777 et
734 3745 825 3794 semper
836 3730 920 3780 licebit
933 3749 992 3780 nora
1007 3732 1121 3783 vocabula
1131 3751 1190 3799 pro-

176 3831 217 3877 11.
238 3830 361 3893 Egouero
373 3826 473 3887 suctum
492 3823 667 3887 signatumque
699 3815 794 3866 ducere.
817 3817 856 3881 Si,
886 3818 949 3884 quod
974 3818 1032 3870 dicit
1053 3821 1188 3884 Bentleius,

177 3922 319 3980 argeutum,
336 3912 668 3974 doruumsumile'umqueme-
700 3906 726 3952 iu
750 3904 794 3954 tali
822 3904 1002 3971 epiphonemate
1025 3907 1086 3957 nihil
1110 3911 1189 3973 arguti

177 4019 218 4053 nm
230 4003 316 4065 reddo,
327 4003 441 4051 restituo.
453 4001 526 4049 Recte
542 3995 625 4047 itidem
642 4001 667 4042 et
698 3993 744 4053 sit,
758 3992 819 4042 nihil
836 3994 907 4041 etiam
921 3997 993 4043 estin
1007 3993 1187 4059 epiphonemate

177 4094 307 4159 Quorum
323 4096 390 4140 uota.
413 4087 523 4137 Aurelius
543 4084 622 4132 lictor
643 4081 669 4130 in
700 4077 764 4143 quod
787 4080 837 4144 ipse
853 4078 948 4130 Horatio
969 4081 1189 4146 dedit-procudere
