2752 4844
503 392 562 452 AD
596 393 814 454 PISONHS.
1130 393 1170 454 77

173 598 247 676 Non
272 597 406 668 fumum
428 619 469 666 ex
492 594 643 710 fulgore,
669 594 727 664 sed
750 619 791 666 ex
809 594 903 665 fumo
923 596 1003 667 dare
1025 594 1136 667 lucem
1159 579 1163 586 ’

173 715 325 808 Cogitet,
351 722 390 784 ut
415 714 563 808 speciosa
585 711 706 782 dehinc
730 714 893 784 miracula
918 722 1070 809 promat,

173 832 771 930 Antiphaten,Scyllamque,etcum
779 833 1136 929 CyclopeCharybdin.

138 1079 189 1125 blaa
202 1080 277 1142 igitur
285 1079 364 1141 opinio
373 1086 424 1139 est,
440 1077 563 1125 Horatium
575 1075 636 1124 banc
668 1079 774 1125 domitor
788 1080 888 1139 Troiae,
904 1080 1037 1126 maltorum
1044 1081 1166 1143 providear

139 1163 280 1228 particulam
312 1161 402 1211 exordii
432 1163 567 1224 Homerici,
609 1164 634 1210 in
667 1164 738 1210 arbes
759 1165 888 1211 Etnrores
904 1166 1027 1212 berninnrn
1043 1167 1166 1230 inspexit.

139 1249 273 1314 exemplum
282 1250 449 1314 propositi,sic
458 1246 587 1296 reddidisse
595 1248 638 1296 La-
670 1248 694 1296 Si
710 1247 806 1314 legisset
832 1247 911 1312 ἔγνω,
931 1253 1074 1315 scripsisset,
1096 1250 1165 1299 credo

139 1337 204 1383 tine:
230 1336 280 1382 Die
308 1336 389 1396 mibi,
421 1336 512 1395 Maso,
536 1335 633 1397 cirum,
667 1337 798 1399 cognorit,
823 1352 870 1384 non
891 1339 977 1397 nooit;
1003 1339 1059 1403 quia
1082 1353 1166 1402 cogno-

139 1422 228 1468 Troiae
235 1428 295 1484 pest
306 1423 403 1468 moenia
414 1427 495 1484 capta.
512 1421 580 1468 Error
592 1436 633 1468 na·
665 1436 731 1468 scere
746 1420 785 1484 id,
803 1421 866 1487 quod
882 1424 942 1471 fecit
958 1423 1050 1488 Ulysses
1059 1435 1072 1485 ,'
1091 1426 1165 1489 magis

138 1516 177 1555 tus
208 1524 238 1555 ex
264 1508 457 1572 transpositione,
482 1513 555 1570 capta
574 1513 634 1569 post
664 1506 747 1556 Latine
763 1508 884 1571 exprimit.
903 1508 985 1556 Graeci
1001 1507 1064 1555 idem
1080 1518 1165 1558 vocant

137 1595 233 1654 moenia
250 1595 351 1655 Troiae,
369 1592 432 1658 quod
443 1590 473 1639 ab
487 1592 548 1654 alio,
565 1594 636 1639 metri
669 1591 794 1657 ἱστορεῖν.
821 1592 903 1658 Neque
930 1603 1030 1641 metrum
1052 1597 1167 1659 cognovit

137 1678 341 1743 intelligentiore,
358 1688 474 1726 mutatum
491 1679 517 1724 in
533 1684 634 1740 captae,
669 1676 824 1725 excludebat:
844 1687 886 1741 ut,
907 1679 958 1735 Qut
978 1680 1110 1726 rnnltorarn
1126 1681 1166 1727 bo·

138 1762 168 1811 ab
185 1763 232 1811 alio
245 1780 338 1826 rursus,
355 1763 507 1810 Latinitatem
521 1761 636 1810 hananon
668 1763 762 1809 minnan
774 1778 854 1810 meres
869 1767 983 1828 cognovit
998 1771 1024 1810 et
1036 1766 1116 1813 arbes.
1136 1766 1165 1812 Et

139 1849 269 1911 tolerante,
291 1850 316 1896 in
341 1855 427 1912 captae
443 1856 503 1912 post
528 1855 636 1912 temporo
667 1849 700 1895 sic
720 1848 823 1912 Plinius,
846 1850 968 1898 Homerica
984 1852 1103 1916 cogitans,
1119 1852 1165 1900 Pa-

140 1937 236 1983 Troioe.
253 1934 369 1983 Habemus
383 1937 429 1982 iam
445 1932 559 1999 simplex,
582 1950 634 1999 gra·
667 1936 801 2000 regyr.15.
820 1936 967 2002 Cognooisti
974 1951 1023 1999 per
1038 1938 1166 2001 stipendia

137 2037 180 2083 ve,
206 2030 230 2069 et
252 2020 358 2068 sedatum
373 2016 469 2068 initium
485 2027 546 2083 poet
560 2027 633 2083 capto
665 2021 744 2067 deon
772 2035 852 2068 ornes
871 2023 1003 2085 gentiam,
1036 2024 1164 2087 regionam

139 2107 227 2154 Troiae
244 2108 358 2166 rnocnio,·
378 2114 449 2170 atque
462 2107 497 2152 ita
513 2106 565 2153 fere
581 2121 634 2152 onr-
666 2107 746 2167 eitas,
761 2109 958 2170 opportunitates
966 2109 1084 2172 locorum,
1094 2117 1120 2156 et
1127 2110 1166 2158 di-

137 2209 179 2240 nes
195 2194 337 2239 recentiores
356 2200 440 2256 poetae
456 2199 587 2237 verterunt.
607 2191 635 2237 H.
669 2205 765 2238 ansani
778 2207 896 2253 aqnernra
904 2194 1008 2255 coelique
1017 2197 1165 2257 temperiem.

138 2277 197 2325 lida
205 2278 269 2325 Poet
281 2279 316 2339 ll,
332 2279 373 2325 87.
383 2278 412 2324 in
420 2276 569 2340 patriensi
579 2276 636 2336 qais
668 2276 696 2322 Et
720 2275 798 2324 Cicero
820 2293 862 2341 pro
886 2277 948 2341 Lege
966 2278 1047 2327 Manil.
1070 2281 1109 2327 14.
1131 2282 1167 2328 ita

139 2364 252 2411 deducere
275 2363 388 2428 adortae·
398 2363 534 2408 Errantem
557 2361 635 2408 Laer-
667 2363 747 2425 posuit
775 2364 940 2426 cognitionem
965 2365 1043 2412 erbis.
1077 2365 1164 2429 Quodsi

139 2450 224 2497 tiaden
240 2455 299 2513 pest
322 2450 537 2513 Pergamocopta.
563 2446 632 2495 Bern.
667 2445 768 2512 denique
784 2448 894 2496 Horatius
907 2449 1008 2497 alterum
1021 2460 1102 2499 utrum
1114 2455 1163 2501 sive

137 2535 266 2601 Zamagua,
285 2535 432 2600 Ragusinus,
451 2535 494 2599 qui
509 2532 633 2599 Odyssean
664 2529 729 2582 'ider
745 2535 794 2581 sive
814 2533 880 2597 ipro>
896 2536 978 2584 Latine
994 2554 1041 2584 non
1054 2538 1162 2588 sufficere

137 2622 228 2670 Latinis
252 2620 358 2669 versibus
382 2620 511 2686 explicavit
533 2618 637 2668 Venetiis
669 2620 799 2684 putavisset
814 2630 1030 2687 ,utrumquenersu
1040 2624 1163 2674 includere

140 2709 210 2756 1783.
224 2709 388 2759 Masooe‘rnrn
398 2721 520 2767 numera,
534 2706 632 2753 aonam
664 2707 696 2753 sic
712 2707 845 2770 potuisset:
870 2707 920 2763 Qut
940 2724 1019 2756 mnes
1039 2711 1162 2758 bominem

139 2795 183 2856 qai
201 2800 300 2856 pretore
315 2808 415 2840 versans
435 2793 581 2855 Ingenium,
597 2806 635 2838 er·
666 2793 793 2855 cognorit,
809 2792 878 2841 cidit
893 2800 919 2840 et
932 2795 1011 2843 arbes.

138 2880 209 2926 ravit
235 2881 333 2944 longam
356 2885 416 2941 post
441 2883 514 2924 orato
543 2877 632 2923 Troiae
695 2875 863 2941 Antiphaten,
883 2880 1051 2944 Scyllamque,
1066 2888 1093 2929 et
1108 2898 1162 2931 acne

140 2965 269 3029 Pergama.
286 2961 389 3010 Oudinus
405 2963 431 3010 in
447 2960 580 3009 Annot.-ad
594 2961 632 3009 vi·
666 2952 765 3026 Cyclope
778 2963 936 3028 dinamidia.
971 2965 1022 3014 Non
1045 2969 1080 3015 ita
1096 2966 1160 3016 belle

141 3049 184 3098 dae
197 3051 261 3099 Poet.
276 3048 312 3111 ΙΙ,
328 3050 369 3097 40.
384 3049 435 3096 Dia
449 3048 528 3111 mibi,
544 3048 632 3109 Maso,
666 3045 810 3113 disiungitur
823 3048 902 3115 Scylla
915 3067 930 3097 a
941 3049 1071 3118 Gbarybdi3
1087 3063 1112 3102 et
1125 3071 1162 3104 sa·

135 3139 235 3198 ‘cirnm,
257 3136 301 3198 qai
322 3135 401 3181 terris
420 3135 514 3181 mattiae
537 3140 563 3181 et
582 3134 634 3180 alto
666 3135 697 3181 tis
711 3143 761 3197 erat
776 3132 909 3201 Charybdin
925 3152 1025 3203 ponere,
1043 3149 1070 3187 ut
1084 3139 1164 3207 Scylla

140 3223 247 3270 Erravit
259 3235 343 3269 sanae
353 3226 500 3284 pectorate
511 3220 634 3285 Pergamo
665 3229 839 3283 agnosceretur.
862 3220 937 3285 Quare
954 3239 1045 3289 nequeo
1061 3242 1108 3274 non
1117 3243 1164 3276 ⁴etr·

141 3310 236 3357 Troioe.
667 3306 753 3369 spicari
769 3307 803 3353 sic
819 3307 898 3370 potius
916 3305 946 3354 ab
964 3318 1058 3358 auctore
1075 3312 1162 3361 tuisse:

162 3395 223 3460 'oei
249 3409 328 3442 mores
351 3394 475 3442 bominem
503 3394 634 3440 multarent
665 3391 822 3455 Antiphaten
836 3393 994 3458 Cinnanique,
1009 3404 1035 3443 et
1049 3413 1103 3445 cam
1118 3398 1164 3463 ay-

139 3481 249 3529 or'ditet
260 3481 339 3528 arbee.
354 3480 404 3527 Duo
417 3477 478 3526 MSS,
491 3476 555 3542 apud
562 3479 630 3526 Feem
662 3478 728 3540 slepe
745 3477 892 3542 Olraryddin.
907 3479 964 3528 Nam
980 3481 1047 3530 nulla
1063 3482 1099 3532 ibi
1114 3485 1162 3531 rni-

139 3567 270 3615 matroon
285 3567 364 3614 norit.
381 3564 426 3613 HS.
443 3562 566 3611 Brenclrm.
583 3562 630 3610 do·
661 3564 748 3610 rocula
762 3570 813 3611 tarn
828 3567 937 3628 speciosa
952 3577 1008 3614 suut
1021 3583 1091 3633 quam
1107 3569 1162 3617 Gir·

139 3653 190 3714 cit,
206 3651 269 3717 qnod
282 3670 311 3701 ex
322 3651 469 3717 uanspositis
482 3648 543 3696 male
556 3648 633 3698 literis
664 3664 721 3710 cae;
735 3665 795 3714 quse
808 3649 915 3700 homines
930 3653 956 3700 in
973 3651 1096 3701 brutorum
1112 3655 1161 3704 for·

139 3747 275 3802 corruptum
303 3737 405 3787 ridetur.
434 3736 518 3797 Vidit,
547 3733 630 3796 credo,
663 3737 884 3801 maevirgamagica
894 3736 1010 3786 vertebat.
1029 3739 1159 3804 Quaerant,

139 3839 220 3873 verum
232 3832 274 3871 est.
284 3822 393 3871 Horatius
407 3839 436 3870 cx
446 3819 511 3870 ’ider
529 3829 554 3868 et
567 3817 633 3881 ἔγνω
665 3819 752 3886 quibus
774 3823 925 3886 antiquorum
947 3821 1053 3870 codicum
1071 3833 1107 3872 est
1122 3840 1160 3873 co·

139 3925 213 3958 unum
227 3906 325 3956 verbum
341 3907 409 3955 iecit.
432 3904 566 3972 Legendum
583 3914 634 3952 erat
665 3908 712 3971 pia.
730 3906 888 3954 BENTLEIVS.
1141 3893 1144 3897 ’

139 3994 299 4044 intercidere
316 4002 340 4041 et
351 4007 497 4058 cognoscere.
511 3992 580 4057 Legit
595 3992 633 4038 ei-
697 3990 833 4056 Elegantius
853 4001 911 4056 puto
932 3993 1085 4060 Circampne,
1105 3999 1162 4063 quia

140 4082 209 4144 dere,
225 4089 254 4128 nt
268 4077 561 4144 inEpistolainspicere:
581 4077 633 4134 aar
665 4079 735 4126 etiam
749 4077 782 4126 sic
798 4076 891 4127 illustre
908 4078 1161 4131 mbaculorumexem-
1233 4116 1243 4148 3
