2752 4844
185 371 244 435 186
445 373 660 436 nouauit
691 373 935 435 urlsroua

188 571 386 670 Continget,
411 574 615 669 dabiturque
633 574 766 646 licentia
787 583 897 646 sumta
914 572 1091 670 pudenter.
1140 582 1199 644 51.

185 691 228 762 Et
243 716 330 764 nova
347 693 491 789 fictaque
508 718 619 789 nuper
636 693 813 766 habebunt
831 692 933 766 rerba
951 693 1070 784 fidem,
1086 693 1114 763 ei
1133 697 1198 765 ⁷52.

183 811 311 884 Graeco
329 813 421 884 fonte
440 814 576 906 cadant,
593 838 695 910 parce
712 813 854 899 detorta.
878 813 969 904 Quid
984 809 1121 884 autcm'l
1139 821 1198 883 53.

175 1056 250 1105 solito
270 1056 395 1106 intercisa
415 1074 459 1124 pro
474 1060 581 1108 insolita
596 1060 676 1107 inter*-
708 1057 768 1106 dicit
787 1056 842 1107 aliis
861 1056 952 1106 verbis:
975 1059 1113 1106 dementem
1127 1056 1208 1120 capit·

174 1143 242 1205 cisa,
266 1149 388 1206 tamquam
408 1159 469 1208 qaue
489 1161 532 1210 pro
551 1151 673 1208 tamquam
705 1146 837 1192 lamratro
852 1151 996 1207 aequantur.
1013 1142 1111 1208 Cethegi
1126 1141 1206 1191 aliun·
1294 1184 1300 1194 .

174 1229 251 1294 posui.
277 1227 400 1278 Sententia
417 1228 489 1278 huius
509 1228 599 1278 Scholii
615 1228 674 1279 haec
696 1228 750 1301 de,
769 1246 798 1296 ex
810 1229 894 1292 Italia,
910 1229 1006 1278 Romam
1019 1237 1144 1278 venerunt.
1158 1225 1206 1277 hd·

173 1322 225 1362 est:
255 1312 353 1380 Cethegi
375 1331 439 1362 more
463 1313 558 1364 insolito
583 1331 671 1364 comam
703 1331 777 1364 venae
790 1316 846 1378 isti,
863 1325 969 1364 utracra
982 1315 1116 1380 gentilitia,
1130 1315 1167 1364 ita
1180 1324 1206 1365 ct

173 1400 237 1449 inter
255 1401 395 1464 caesariem,
412 1417 472 1468 quae
490 1411 525 1450 est
540 1403 566 1450 in
582 1418 672 1451 summo
702 1403 816 1450 vestitum
837 1418 907 1467 saepe
929 1399 1061 1450 servabant.
1089 1401 1205 1449 Cinctum

174 1485 268 1550 capite,
285 1486 445 1550 intercidunt,
463 1497 535 1554 atque
551 1488 586 1536 ita
598 1490 673 1537 inter·
704 1496 845 1536 autemest
865 1485 1024 1549 vocabulum,
1050 1503 1098 1552 quo
1118 1487 1206 1536 Lexica

175 1572 247 1619 risam
271 1587 299 1620 ac
320 1571 478 1638 discerptam,
503 1583 593 1638 retro,
608 1575 672 1622 inter
703 1583 760 1622 sunt
780 1571 895 1639 augenda.
923 1571 1054 1622 Dubitabat
1077 1589 1105 1622 ea
1123 1571 1151 1621 de
1177 1588 1205 1622 re

175 1672 257 1706 aurem
265 1656 374 1707 dextram
390 1668 415 1708 et
431 1660 563 1722 sinistram,
572 1661 599 1708 in
613 1661 675 1708 occi·
706 1658 884 1724 Oudendorpius
904 1659 934 1708 ad
949 1659 1036 1725 Appul.
1050 1659 1147 1709 blatam.
1161 1659 1205 1709 xl.

174 1743 263 1809 pitium
278 1744 396 1794 referunt.
416 1745 512 1794 Coccum
527 1746 620 1807 referre
636 1755 672 1794 est
703 1762 758 1811 pag.
774 1747 839 1806 773,
861 1755 886 1793 et
906 1743 974 1794 alibi.
1001 1745 1075 1794 Fuere
1096 1746 1140 1810 qui
1159 1760 1204 1810 pro

171 1843 235 1893 pona
250 1832 368 1878 vertam
383 1846 508 1895 revocare,
524 1849 539 1880 a
551 1832 630 1900 lronte
644 1830 674 1886 ad
705 1833 815 1879 circatam
836 1831 936 1879 mallent
956 1832 1062 1880 cinctas.
1084 1830 1137 1880 Sed.
1152 1832 1206 1880 cia·

176 1917 292 1965 cervicem
308 1915 436 1980 reducere,
452 1916 481 1966 de
495 1934 541 1984 quo
556 1920 674 1983 interpre·
705 1924 772 1965 ctam
793 1925 829 1965 est
849 1919 901 1982 ipsa
922 1917 1007 1978 vestis,
1029 1918 1128 1966 cinctus
1143 1919 1206 1968 ratio

175 2012 214 2051 tes
229 2002 260 2051 ad
276 2003 386 2052 Suetonii
400 2003 450 2052 Jul.
466 2004 557 2053 Caesar.
573 2005 613 2051 ts.
632 2005 674 2069 qui
706 2013 731 2051 et
748 2003 824 2051 forma
840 2004 919 2052 restis.
941 2003 1073 2069 Supersunt
1094 2004 1121 2052 in
1133 2002 1206 2053 Sebo-

176 2086 328 2136 deficientem
344 2088 458 2154 capillum
473 2105 489 2138 a
503 2090 592 2137 vertice
608 2105 674 2137 revo-
706 2088 739 2136 lio
763 2087 930 2155 Porphyrionis
954 2087 1080 2138 vocabula:
1105 2090 1206 2141 adeant

153 2209 157 2223 .
176 2189 230 2222 care
246 2173 338 2222 solebat
351 2172 381 2223 ad
397 2175 508 2224 frontem.
524 2173 624 2240 Cethegi
636 2191 674 2224 ca·
705 2183 745 2223 ast
764 2182 847 2223 uatem
867 2177 1020 2224 intestinam
1032 2176 1155 2240 paridam
1176 2185 1205 2225 et

177 2259 250 2325 pillos
287 2276 350 2308 mora
387 2260 500 2309 Hectoreo
533 2258 671 2309 tondebant.
705 2261 792 2310 Mada
813 2263 852 2309 sic
872 2262 971 2325 adipem
989 2277 1045 2310 carm
1058 2277 1107 2310 urso
1123 2262 1208 2326 tigata

176 2345 308 2395 Scholiasta
323 2346 495 2413 Lycophronis:
514 2343 672 2412 ‘Eurdpetoc
703 2349 780 2395 tinam
787 2347 900 2407 ferimus
916 2349 1063 2396 auriculam.
1080 2346 1143 2412 Quid
1158 2348 1206 2398 ista

176 2431 264 2496 κόμη,
291 2433 308 2495 ἡ
331 2434 366 2481 τὰ
386 2429 500 2481 ὄπισθεν
523 2433 674 2490 καθειμένοι
705 2432 795 2495 velint,
813 2431 940 2480 divinando
953 2450 1001 2482 non
1014 2449 1132 2499 assequar.
1151 2433 1206 2482 lor·

174 2514 292 2582 ἔχουσα,
309 2518 345 2565 τὰ
362 2513 393 2565 δὲ
406 2515 562 2582 ἔμπροσθεν
576 2534 674 2583 κεκαρ-
708 2527 768 2566 tasse
789 2516 834 2565 hoc
855 2516 961 2567 scholion
977 2518 1075 2568 aliunde
1091 2518 1138 2568 huc
1153 2520 1205 2568 tuit
1305 2572 1308 2580 ,

176 2601 254 2662 μένα.
281 2601 428 2651 casaubonus
452 2611 571 2667 comparat
594 2603 672 2651 locum
704 2601 858 2666 menolatum,
881 2614 907 2652 ct
927 2605 953 2653 iu
973 2607 1124 2654 intertiatam
1141 2604 1203 2654 latet

174 2687 283 2736 Suetonii
297 2689 323 2736 in
338 2686 431 2736 Tiberio
442 2689 483 2736 68.
502 2688 597 2752 Cupido
607 2703 672 2752 pone
703 2690 854 2749 onteotatt05
864 2705 891 2736 eo
903 2699 967 2738 certe
976 2688 1203 2740 dnenntillaa‘mem

175 2774 321 2837 acceptricem
342 2775 524 2836 summissiore,
549 2781 579 2822 stt
594 2775 672 2822 cervi·
695 2773 808 2834 ferimus
824 2773 965 2839 (offerimus)
982 2778 1130 2826 cumcuma.

174 2873 225 2907 eam
236 2860 314 2907 etiam
325 2861 456 2924 obtegeret.
473 2858 595 2908 Iuninsde
607 2859 675 2908 Coma
739 2861 778 2908 Et
792 2876 854 2908 aava
862 2863 974 2924 fictaque
989 2878 1067 2927 nuper
1085 2864 1204 2912 hebdam

173 2961 229 3011 pag.
242 2947 305 3008 529,
322 2946 444 2993 annotavit
460 2945 562 2994 Daunios
575 2955 599 2994 et
612 2946 671 2994 l’eu·
703 2946 775 2995 cerba
790 2947 878 3007 fidem.
903 2947 983 2997 Fidem
1007 2947 1148 3013 habebunt,
1173 2959 1203 2998 ut

172 3033 246 3080 cetios
263 3032 378 3079 rationem
391 3031 529 3080 Hectoreum
542 3031 671 3079 a'l'roianis
702 3034 783 3095 numi,
800 3031 898 3097 publica
914 3036 1056 3083 auctoritate
1073 3037 1165 3101 recepti
1179 3047 1205 3085 et

173 3116 230 3166 inde
251 3115 397 3182 temporibus
417 3116 535 3165 mordicus
556 3118 668 3167 tenuisse.
701 3135 749 3168 non
773 3119 894 3183 corrupti,
920 3119 1010 3168 habent
1033 3120 1114 3171 fidem.
1142 3122 1204 3172 Hinc

173 3201 314 3250 Plutarchus
325 3204 351 3250 in
366 3202 455 3251 Theseo
471 3219 523 3268 cap.
536 3204 560 3252 5.
579 3220 608 3252 ex
624 3203 670 3250 Ho-
701 3203 802 3268 Quintil.
816 3205 874 3253 Inst.
886 3204 948 3255 Orat.
957 3207 1041 3270 lV,11,
1051 3210 1107 3257 118.
1124 3209 1203 3273 atga-

173 3304 237 3336 mero
258 3272 362 3336 ostendit
382 3288 484 3337 Abantas
504 3291 539 3338 ita
560 3288 667 3353 tonderi,
700 3304 758 3350 rac,
772 3305 820 3336 nen
836 3291 898 3338 illae
908 3295 1022 3356 poeticae
1036 3300 1062 3341 et
1074 3301 1159 3342 contra
1166 3296 1204 3355 fi·

173 3372 267 3423 tonderi
279 3383 304 3421 et
316 3374 375 3422 alias
384 3383 474 3439 gentes.
488 3374 591 3424 Theseus
600 3377 671 3424 etiam
703 3375 756 3423 dem
777 3376 903 3438 loquendi,
923 3380 1076 3427 auctoritate
1090 3387 1202 3428 voterem

173 3461 297 3527 ἐκείρατο
306 3465 355 3526 τῆς
369 3459 485 3527 κεφαλῆς
499 3464 535 3510 τὰ
548 3462 671 3528 πρόσθεν
702 3469 820 3525 receptae.
838 3462 939 3527 ldeml,
953 3478 985 3527 11,
999 3467 1040 3514 20.
1054 3467 1204 3514 Nostrorum

175 3547 265 3606 μόνον.
283 3546 410 3595 Faciebant
431 3549 543 3596 nimirum
564 3547 673 3596 bellicosi
704 3547 818 3611 paridam,
840 3565 887 3597 non
903 3566 961 3598 sane
977 3553 1115 3615 receptator
1130 3568 1204 3601 ueram

174 3632 296 3694 homines,
314 3634 355 3697 qui
371 3650 418 3681 non
435 3634 526 3681 eminus
542 3632 583 3681 sed
601 3633 672 3680 comi·
703 3635 814 3695 omnino,
837 3633 1025 3700 apologationem
1045 3637 1138 3685 dicere.
1160 3638 1204 3686 Vo-

174 3735 220 3768 nus
239 3716 384 3785 pugnabant.
408 3718 445 3766 lta
462 3720 524 3766 enim
541 3717 620 3766 hostes
636 3734 674 3788 ca·
706 3718 817 3768 cabulum
834 3723 972 3785 apologetio
984 3725 1060 3788 igitur
1071 3722 1143 3772 fidem
1156 3741 1204 3774 non

174 3805 246 3871 pillos
264 3805 368 3868 arripere
381 3821 429 3852 non
442 3813 559 3869 poterant.
576 3803 671 3866 Suavis,
704 3806 804 3854 invenit.

174 3901 286 3940 narrante
298 3890 377 3939 Tacito
391 3889 419 3938 de
430 3888 533 3939 Moribus
545 3890 622 3938 Germ.
632 3891 672 3938 ³8.
738 3893 815 3939 Parce
828 3892 932 3942 detorta.
950 3894 980 3941 Ut
992 3911 1063 3960 supra
1069 3897 1202 3960 pudenter.

175 3979 277 4042 insigne
284 3978 386 4042 gantis,
402 3978 525 4040 obliquare
534 3978 626 4024 mnam
634 3992 675 4024 ao·
707 3977 735 4024 lit
752 3987 815 4025 recte
829 3977 986 4028 Scholiastae:
1003 3981 1123 4044 modeste,
1137 3998 1203 4031 vere·

175 4063 250 4127 doque
265 4063 452 4127 adstringam
472 4072 498 4110 et
510 4061 595 4111 deinde
611 4061 674 4111 idem
706 4063 790 4111 curado.
807 4064 947 4127 Quintilian.
959 4065 1129 4130 v111,.t·1,33,
1142 4068 1201 4119 hanc
