2752 4844
528 337 841 444 semeonis.
1131 383 1188 444 1os

206 583 285 673 Hic,
308 581 390 652 dnm
415 581 568 652 sublimis
588 605 703 653 versus
723 591 878 654 ructatur
901 591 935 654 et
958 594 1065 675 errat,

204 701 239 771 Si
260 702 364 771 veluti
389 702 526 772 merulis
550 703 698 771 iubentus
722 701 845 772 decidit
869 726 992 797 auceps

204 820 243 890 In
266 828 409 915 puteum
432 819 625 908 foveamve3
650 821 747 910 licet,
772 824 975 912 succurrite,
1001 822 1140 916 longum

205 938 350 1029 Clamet,
375 938 412 1010 Io
431 938 532 1010 cives!
553 963 623 1008 nou
648 939 691 1009 sit
711 940 771 1032 qui
795 939 913 1010 tollere
936 947 1042 1010 curet.

205 1057 240 1128 si
263 1065 358 1128 curet
377 1058 453 1150 quis
473 1081 572 1152 opem
593 1057 681 1128 hrre
705 1064 738 1128 et
758 1056 931 1128 demittere
958 1058 1072 1129 funem
1083 1111 1095 1149 ,

205 1325 269 1386 Hic,
285 1324 342 1372 dum
356 1323 471 1372 sseblimis
484 1338 569 1371 versus
583 1329 666 1371 ructa·
697 1324 781 1371 sellus.
795 1321 951 1372 Philostratus
962 1324 1054 1373 lleroio.
1067 1341 1121 1390 psg.
1130 1327 1193 1386 280,

174 1416 223 1459 tar.
250 1409 344 1457 Servius
366 1408 397 1457 ad
419 1407 518 1456 hensid.
539 1408 664 1470 111‚576.
699 1406 736 1457 ed.
758 1409 909 1458 Boissonadii.
931 1407 1194 1474 Wytteuhachim'ista

174 1496 290 1558 reducto,
311 1501 397 1542 ructas
416 1503 509 1542 tantum
533 1494 607 1541 fecit:
632 1495 666 1542 sic
699 1493 807 1560 exempla
823 1504 984 1544 annotaverit.

172 1581 245 1630 etiam
267 1580 345 1628 Cicero
362 1580 392 1628 ll.
409 1578 477 1627 Catil.
492 1581 517 1628 5.
540 1580 667 1627 Eructaut
731 1582 762 1627 Si
783 1581 864 1627 ueluti
889 1581 993 1628 merulis
1017 1582 1132 1628 interitus
1156 1581 1196 1629 de·

172 1667 322 1715 sermonibus
348 1665 403 1712 suis
425 1665 520 1712 ouem
545 1664 664 1712 bonumne.
698 1665 764 1712 cidit
785 1679 880 1728 auceps.
899 1664 927 1712 lu
942 1664 989 1714 llS.
1011 1665 1137 1730 llamingii
1157 1667 1196 1715 de-

171 1748 468 1816 lugdunensibus.
482 1749 565 1811 Atque
577 1764 667 1797 anneus
698 1751 764 1813 cipit
785 1764 881 1813 auceps.
905 1748 1012 1799 librario
1034 1751 1146 1800 mmirum
1169 1753 1195 1800 in
1286 1820 1289 1829 Ι

174 1839 260 1900 Cocyto
280 1843 377 1885 euertat
391 1850 498 1884 arenam.
519 1835 599 1883 Horat.
613 1834 664 1884 Art.
698 1845 777 1883 moute
797 1833 912 1883 haerebat
931 1851 1012 1884 versus
1032 1845 1102 1884 notus
1120 1853 1151 1885 ex
1166 1836 1197 1886 li-

173 1922 237 1971 l'oet.
248 1922 305 1970 457.
322 1922 372 1968 Hic
387 1921 444 1968 dum
455 1921 572 1968 mollimen
583 1936 669 1969 oeream
700 1919 782 1983 bello,
803 1937 874 1986 quem
894 1922 942 1970 ism
962 1922 993 1970 in·
1004 1920 1095 1969 Scholia
1110 1938 1197 1970 memo-

171 2010 313 2057 metetur.”
329 2005 374 2055 Ubi
381 2005 519 2072 legendum:
535 2007 667 2069 elimacis,
699 2007 749 2056 riae
770 2006 933 2055 mandaverat:
956 2007 1058 2056 Fistula
1074 2008 1143 2056 dulce
1158 2024 1198 2057 oa-

172 2101 271 2143 entetes
298 2102 391 2141 tantum
420 2093 495 2149 lacit3
529 2091 571 2140 sed
598 2100 669 2140 erecto
700 2094 758 2155 uit,
792 2095 916 2141 volucrem
944 2093 1001 2142 daun
1029 2092 1125 2158 decepit
1154 2111 1199 2143 uu-

172 2181 245 2229 etiam
268 2184 392 2227 ructatur.
416 2178 495 2225 Cicero
518 2180 578 2242 sq.’'
608 2176 667 2223 Tum
699 2192 762 2240 seps.
787 2178 886 2241 legitur
908 2180 935 2226 in
961 2178 1054 2226 Catonis
1084 2179 1198 2229 Distiehie

173 2266 323 2313 »Ructatur
336 2263 466 2310 Horatius”
482 2277 516 2326 sq.
534 2259 599 2309 hdde
613 2261 668 2309 Por»
698 2261 727 2323 1,
744 2264 791 2323 27.
877 2298 880 2303 ,

172 2346 669 2417 ρὴγτὶοῃοωῡὶῑαοταιιινΡπονιιοίαί.1η·
733 2347 765 2393 Si
779 2347 921 2410 quieceret
936 2363 1002 2411 epam
1009 2348 1090 2409 serre.
1114 2349 1198 2400 Nescio

172 2436 236 2501 tiqui
244 2436 306 2483 enim
311 2442 336 2482 et
347 2440 418 2482 neoto
423 2442 448 2481 et
455 2439 539 2480 ructor
548 2430 669 2480 dixerunt.
702 2431 756 2496 quie
769 2432 858 2494 fuerit,
875 2433 918 2496 qni
933 2433 1023 2497 primm
1039 2443 1120 2483 contra
1133 2444 1199 2484 vete-

171 2523 215 2571 llic
235 2537 322 2587 genere
336 2517 446 2585 patiendi
461 2517 563 2580 extulit,
585 2526 619 2564 ut.
630 2531 670 2565 oea
700 2533 754 2564 rum
767 2514 898 2565 editionum
919 2519 1069 2584 omniumque
1087 2519 1197 2569 Codicum

171 2614 263 2670 entur,
278 2607 402 2655 leuetur.'‘
419 2604 467 2652 Hoc
482 2619 530 2651 uon
538 2603 670 2668 cogitantes
700 2600 772 2650 fidem
787 2601 914 2651 lectionem
927 2601 989 2652 hanc
1002 2603 1107 2655 induxit.
1120 2606 1198 2672 Lege,

171 2692 266 2743 librarii
276 2691 400 2752 nonnulli,
414 2687 566 2738 emendarem
581 2702 668 2736 emeres
698 2696 727 2735 ut
738 2685 778 2735 illi
788 2685 886 2748 iubent,
903 2689 979 2735 nostri
991 2698 1056 2743 certe
1069 2706 1161 2754 omnes,
1170 2701 1197 2739 et

172 2786 278 2829 eructat.
294 2779 337 2827 Pro
357 2776 486 2837 subdetis,
499 2774 526 2822 in
545 2771 669 2822 nonnullis
699 2773 835 2820 heremanni
847 2771 1031 2839 Pulmanniqne,
1048 2784 1076 2824 nt
1094 2774 1124 2823 ds
1139 2775 1198 2825 reli-

172 2866 296 2913 subtimes.
316 2863 463 2910 burmannus
477 2858 508 2907 ad
522 2858 541 2911 l.
554 2857 572 2906 l.
591 2857 668 2907 Servii
699 2859 753 2923 asnis
768 2858 900 2905 coniectare
920 2861 1006 2922 possiet
1023 2876 1072 2908 acu
1084 2861 1136 2924 sit,
1152 2863 1197 2923 que·

172 2967 221 2999 uon
242 2958 307 2998 recte
331 2955 414 2994 tuetur
437 2945 569 3006 utiliores,
593 2944 667 3009 qnia,
701 2944 785 2992 tollere
808 2951 890 3005 curet,
913 2944 1031 2993 Sicuret
1053 2947 1111 3009 quis
1124 2949 1197 3010 'meus

172 3038 194 3086 ei
213 3034 296 3085 scribis
316 3034 444 3095 subliuida,
465 3029 564 3079 dubium
586 3030 666 3091 foret,
690 3029 763 3090 ferro
783 3037 809 3077 et
829 3029 960 3078 demittere
971 3029 1070 3090 Juneus.
1093 3030 1197 3081 Eandem

112 3179 117 3188 ,
172 3132 253 3171 utrum
268 3117 597 3170 nominativoausocusativo
610 3130 667 3163 cusu
698 3116 784 3164 tmetin
798 3114 859 3164 alibi
875 3113 1063 3179 hibernasset,
1079 3117 1153 3168 Serm.
1169 3119 1198 3183 1,-

172 3219 234 3258 esset
246 3204 418 3273 accipiendum.
430 3201 476 3250 Sed
487 3201 666 3250 seutentiauni-
697 3214 735 3264 1v,
759 3203 814 3250 11⁰.
835 3216 951 3266 euagrium
965 3202 1196 3267 documentumuo

173 3294 314 3362 repostulat
326 3289 505 3340 nominativum.
515 3288 585 3336 Poeta
591 3288 669 3336 subli-
695 3287 809 3350 patriam
823 3301 875 3333 rem
887 3287 994 3336 Perdere
1009 3290 1067 3352 quis
1082 3290 1153 3340 velit.
1170 3299 1197 3339 et

173 3384 236 3445 ruis,
257 3381 336 3445 eapite
353 3379 380 3426 in
396 3375 488 3424 eoelum
504 3382 596 3436 erecto,
616 3389 669 3421 ver-
700 3375 726 3434 l,
743 3385 781 3435 Vl,
794 3372 835 3422 85.
852 3371 905 3420 Nec
921 3375 1010 3421 timuit
1025 3376 1077 3422 sibi
1091 3376 1197 3423 moitis

172 3483 213 3517 sue
233 3474 350 3515 ructatur.
376 3463 413 3510 lta
434 3461 549 3509 utillimis
569 3460 667 3523 rapior,
700 3458 758 3520 quis
774 3464 887 3507 uerteret.
903 3458 940 3523 11,
955 3472 1010 3522 rm,
1023 3461 1064 3509 90.
1079 3461 1158 3518 Quam
1170 3463 1197 3509 ri

173 3562 200 3600 et
214 3552 315 3609 similitu
332 3548 395 3616 qnod
408 3550 460 3612 ipse
475 3547 555 3594 llnrm.
571 3543 603 3593 at
617 3544 669 3593 0νί-
700 3559 755 3593 cum
767 3545 856 3593 lumbis
868 3546 925 3607 quis
931 3546 992 3595 edit.
1003 3545 1124 3609 Ceterum,
1141 3563 1196 3595 oum

174 3636 210 3686 dii
228 3635 446 3697 Heroid.1x,1³e
466 3631 557 3696 attigit.
580 3629 667 3679 Graece
699 3628 729 3677 ad
742 3631 886 3678 scansionem
898 3629 939 3678 hic
956 3630 1019 3679 nihil
1039 3631 1149 3694 intersit,
1160 3630 1196 3680 'ad

173 3721 310 3788 appelletur
333 3719 470 3786 μετέωρος.
495 3716 620 3764 Suetonius
643 3716 669 3762 in
700 3717 841 3764 suavitatem
857 3725 936 3764 tamen
954 3726 979 3764 et
994 3717 1134 3764 varietatem
1149 3733 1197 3765 non

174 3806 271 3856 Claudio
287 3822 337 3871 oap.
351 3807 376 3854 4.
399 3805 450 3862 Qui
465 3804 549 3851 velum
565 3802 672 3866 diligen-
702 3800 765 3850 nihil
780 3802 864 3850 refert.
885 3801 1022 3866 Siquidem
1033 3799 1078 3849 hac
1093 3801 1197 3851 lectione

175 3896 243 3955 tius,
256 3899 283 3940 et
293 3893 377 3939 mimas
389 3889 531 3954 μετέωρος,
548 3887 670 3952 deligeret
700 3887 765 3951 prius
778 3888 849 3934 curet
860 3887 1016 3935 accentumin
1024 3887 1100 3952 prima
1107 3886 1195 3951 hebet,

173 3980 226 4029 sibi
249 3979 369 4040 eliqueret,
394 3977 465 4022 ouius
479 3981 571 4022 rnatum
586 3980 612 4020 et
627 3974 669 4020 lta·
700 3973 817 4037 posterius
837 3971 904 4019 turbt
924 3972 950 4018 in
965 3970 1075 4022 secunda.
1100 3971 1146 4022 Sed
1169 3976 1196 4022 in

177 4068 256 4115 bitum
276 4071 302 4112 et
321 4065 443 4110 incessum
460 4061 607 4107 imitaretur
622 4060 669 4106 rui·
700 4057 796 4122 vulgata
803 4070 819 4119 ‚¹
827 4057 930 4121 priorem
941 4056 1067 4125 utrobique
1079 4058 1195 4126 syllabam
