2752 4844
176 345 215 451 ον
437 388 647 449 uonsrrr
678 385 923 446 nrrsrors

203 590 272 661 Aut
297 591 418 661 famam
439 613 595 686 sequere,
620 598 680 659 out
700 586 762 656 sibi
785 587 1013 657 convenientia
1033 585 1145 678 finge,

205 710 374 805 scriptor,
399 709 601 781 honoratum
627 708 654 777 si
676 706 762 777 forte
784 704 1122 825 reponisnhohillem:

165 976 239 1036 filios
254 990 353 1024 sesses
367 977 453 1025 Iasone
465 992 519 1023 eum
527 982 667 1040 perreper-
698 980 770 1020 rates
793 969 913 1032 Achilles,
935 970 998 1036 qnod
1019 970 1100 1021 Thetis
1115 969 1193 1019 Iovem

172 1061 241 1108 didit
249 1097 257 1123 ,
273 1069 303 1108 set
318 1068 357 1109 est
368 1063 398 1108 ι’νι
407 1061 551 1126 Tragoedia.
568 1059 614 1108 Sed
626 1058 669 1107 uhi
701 1058 818 1118 oraverit,
834 1066 863 1103 ut
877 1055 954 1104 filium
970 1056 1107 1118 honoraret,
1124 1055 1194 1105 Iliad.

173 1156 240 1194 erant
259 1145 415 1211 Tragoedias,
437 1148 463 1193 in
481 1144 568 1210 quibus
591 1144 671 1192 Colchi
701 1144 730 1205 l,
746 1144 802 1190 508.
819 1140 909 1190 Ἀλλὰ
925 1141 957 1190 σὺ
975 1143 1023 1202 μέν
1040 1162 1085 1202 μιν
1101 1148 1193 1199 τῖσον,

172 1231 264 1281 nobiles
293 1242 372 1296 partes
393 1231 510 1295 egernuti'
539 1231 601 1277 Fieri
624 1229 668 1278 hoe
700 1227 835 1288 Ὀλύμπιε
851 1231 968 1292 μητιετα
984 1228 1051 1277 Ζεῦ.
1077 1229 1153 1294 Attsue
1169 1226 1196 1276 id

173 1327 253 1366 tamen
269 1318 367 1364 fortasse
381 1318 460 1380 potuit
478 1317 503 1364 in
519 1315 614 1377 Medea,
630 1315 669 1362 vel
701 1313 745 1362 sub
768 1315 835 1362 exitu
853 1313 938 1362 Iliados
961 1314 1043 1362 alove
1061 1330 1196 1363 eoncessum

174 1404 200 1452 iu
215 1403 301 1464 Aeeta,
322 1403 439 1468 Apsyrto,
462 1401 571 1467 Phryxo,
590 1403 611 1448 si
631 1417 670 1450 ex·
703 1411 746 1449 est.
770 1399 840 1462 Vide,
865 1416 911 1465 quo
928 1399 1079 1462 devenimus,
1096 1401 1121 1446 in
1138 1415 1196 1464 quas

174 1489 280 1536 stiterint
292 1487 353 1536 telos
364 1487 512 1552 Tragoedise.
526 1486 572 1535 Sed
583 1485 611 1534 de
625 1487 671 1537 As·
703 1487 821 1551 angustias
839 1484 960 1550 compulsi.
978 1485 1068 1550 Quippe
1077 1494 1127 1532 tots
1141 1485 1197 1532 Ilias

174 1576 243 1638 syrio
260 1572 326 1621 dictu
342 1584 377 1621 est
393 1573 520 1622 difficilius.
702 1570 731 1619 oh
746 1569 836 1636 Μῆνιν
851 1571 919 1619 illam
930 1569 1075 1636 Ἀχιλῆος,
1092 1569 1155 1635 quod
1170 1572 1197 1617 in

207 1662 336 1724 Scriptor,
353 1662 495 1708 honoratum
512 1659 616 1721 siforte
632 1673 670 1706 re·
701 1657 768 1706 nullo
794 1657 882 1705 honore
903 1656 1045 1719 haberetur,
1070 1657 1198 1720 composita

170 1747 246 1810 ponis
258 1746 386 1794 Achillem.
400 1745 524 1793 Videamus
539 1745 617 1792 locum
632 1745 669 1791 in·
702 1753 727 1790 et
740 1745 826 1808 scripta
840 1753 888 1801 est;
907 1743 974 1791 nulla
990 1745 1082 1790 omnino
1099 1742 1196 1804 futura,

175 1840 284 1897 tegrum:
309 1831 466 1891 Aetfomom
489 1845 603 1893 sequere,
625 1837 670 1876 oet
701 1829 906 1876 nisieoritumelia
920 1829 1010 1878 Achilli
1023 1831 1087 1877 facts
1102 1830 1198 1877 materi-

176 1918 227 1965 silri
246 1918 417 1965 convenientia
430 1919 519 1981 finge,
544 1916 673 1978 Serepter,
707 1930 744 1961 am
766 1924 790 1961 et
811 1924 974 1978 argumentum
992 1914 1196 1979 suppeditavisset.

178 2005 319 2050 hmierotem
333 2001 674 2066 sifortereporee'sthillem:
706 1999 757 2064 lpse
773 1998 877 2047 Achilles
894 2001 940 2047 iam
957 2016 971 2046 a
989 2002 1106 2066 principio
1119 2001 1199 2065 queri-

177 2089 303 2152 Impiger,
328 2089 476 2150 iracundus,
492 2086 672 2147 irreserabilis,
706 2095 759 2147 tur,
783 2101 826 2133 neo
848 2086 925 2132 lovem
943 2102 986 2133 nec
1003 2086 1199 2151 Agamemnonem

178 2188 247 2236 acer,
271 2175 331 2221 Iuro
348 2181 422 2239 neget
444 2175 496 2221 sibi
516 2180 589 2233 eota,
606 2172 674 2218 nihil
705 2187 729 2218 se
748 2170 786 2218 vel
806 2170 884 2218 hilum
904 2172 1071 2234 honoravisse,
1088 2173 1116 2234 l,
1140 2173 1197 2220 354.

177 2275 226 2307 noe
238 2267 337 2325 arroget
348 2261 434 2307 armis.
453 2260 496 2307 Sit
508 2258 675 2318 Medeoferoe
709 2255 735 2303 T
734 2259 797 2321 ιμήν
806 2270 857 2322 περ
871 2276 915 2316 μοι
932 2255 1200 2317 ὄφελλενὌλνίμπιος

179 2347 336 2408 invictoque,
354 2346 454 2407 flebilis
475 2347 532 2407 Ino,
564 2344 676 2404 Perfidus
708 2342 862 2404 ἐγγυαλίξαι
895 2343 967 2400 Ζεὺς
1001 2343 1198 2410 ὑψιβρεμέτης,

179 2432 265 2491 Ision,
281 2431 395 2492 Ioooge,
413 2431 501 2476 tristis
511 2430 616 2476 Orestes.
630 2427 674 2475 Ubi
706 2430 756 2477 νῦν
785 2426 821 2494 δ’.
839 2427 905 2476 οὐδέ
931 2447 964 2486 με
988 2432 1094 2476 τυτθὸν
1118 2427 1198 2478 ἔτισε.

180 2515 282 2563 multum
315 2530 339 2561 se
372 2524 483 2584 torquent
514 2515 672 2577 recentiores,
706 2512 732 2563 Γ
731 2514 767 2580 νῷ
802 2509 833 2561 δὲ
865 2513 911 2560 καί
938 2496 1088 2579 1Ἀτρείδης
1118 2514 1200 2580 εὐρυ-

181 2598 334 2663 (Scholiestae
353 2599 415 2646 enim
430 2598 492 2647 nihil
505 2598 533 2647 de
550 2598 593 2647 hoc
601 2599 673 2647 verbo
706 2600 798 2664 κρείων
827 2597 1005 2661 Ἀγαμέμνων
1034 2596 1093 2648 Ἦν
1117 2598 1198 2664 ι’ίτην,

179 2683 302 2749 annotant)
319 2683 484 2733 ourAchillem
497 2687 610 2733 hmoroti
623 2687 673 2750 epi·
706 2683 746 2733 ὅτ’
770 2682 877 2750 ἄριστον
901 2683 1025 2749 Ἀχαιῶν
1040 2676 1126 2735 ὀὐδὲν
1143 2685 1201 2735 ἔτι·

181 2769 248 2819 theto
274 2780 344 2836 poeta
373 2769 501 2820 donaverit.
538 2773 673 2838 Expressit,
706 2785 759 2820 σεν.
778 2771 827 2819 lmo
843 2769 919 2819 adhue
932 2771 1071 2837 indignatur
1084 2771 1199 2834 libroIX,

181 2859 250 2906 aiunt
286 2856 398 2922 quidem,
430 2857 576 2906 Homericum
613 2855 675 2905 illud
707 2874 731 2905 se
747 2867 776 2904 nt
791 2859 886 2905 nullius
895 2858 978 2922 pretii
992 2856 1162 2907 homunculum
1177 2868 1202 2906 et

181 2941 247 2999 Δῖος
262 2940 423 3007 Ἀχιλλεὺς,
438 2943 612 3008 quodsingulis
626 2943 676 2991 sere
708 2944 879 2991 inhonoratum
910 2945 1016 2992 esocem
1049 2947 1202 3011 ignominiose

181 3029 276 3093 paginis
296 3029 406 3077 occurrit.
431 3029 492 3076 Bene
514 3044 584 3075 sane:
610 3030 678 3092 quasi
710 3038 836 3077 tractatum
850 3046 913 3092 esse,
927 3047 960 3078 vs.
977 3032 1033 3080 642.
1053 3030 1144 3080 Ἀλλά
1157 3049 1201 3090 μοι

130 3160 134 3171 ,
180 3129 228 3160 non
245 3111 288 3160 alii
303 3115 379 3178 quivis
393 3113 473 3161 eodem
494 3113 566 3161 titulo
582 3113 618 3161 ibi
633 3111 675 3160 ho-
707 3113 848 3164 οἰδάνεται
871 3115 970 3181 κραδίη
993 3116 1079 3180 χόλῳ,
1100 3115 1200 3164 ὁππότ’

181 3206 318 3260 nestentur,
349 3197 406 3254 δῖος
437 3197 619 3264 Ἀλέξανδρος
651 3209 675 3246 et
708 3199 811 3249 ἐκείνων
832 3199 990 3265 Μνησρμαι,
1006 3201 1039 3257 ὡς
1055 3200 1082 3260 μ’
1098 3201 1201 3263 ἀσύφη-

183 3281 242 3339 dioc
267 3282 397 3347 συβώτης.
436 3284 466 3331 At
487 3284 519 3332 tl.
542 3286 675 3348 Decierius,
709 3284 754 3332 λον
768 3285 795 3334 ἐν
804 3283 968 3352 Ἀργείοισιν
982 3285 1071 3353 ἔρεξεν
1087 3285 1202 3352 Ἀτρεί-

106 3429 112 3443 .
182 3370 280 3430 latine,
296 3370 476 3433 inquit,vertit
490 3369 613 3435 epitheton
626 3390 674 3420 τε·
708 3370 773 3434 dec,
804 3369 865 3421 ὡσεί
887 3371 938 3421 τιν’
964 3373 1094 3437 ἀτίμητον
1115 3390 1202 3431 μετα-

182 3455 306 3516 τιμένον,
340 3454 402 3518 quod
426 3454 514 3520 ubique
536 3455 624 3505 Achilli
644 3455 674 3504 ab
706 3458 814 3521 νάστην.
837 3459 885 3506 Ηοο
902 3468 953 3520 est,
970 3468 1077 3506 vertente
1093 3457 1202 3506 Cicerone

182 3543 281 3590 flomero
294 3539 371 3588 datur.
388 3541 522 3604 Enimvero,
539 3543 560 3589 si
573 3542 606 3590 sie
622 3559 677 3607 age·
707 3542 800 3591 Tuscul.
821 3543 869 3606 111,
888 3546 912 3593 9.
926 3524 1016 3607 Corque
1036 3559 1115 3591 meum
1130 3545 1204 3607 peni·

182 3646 250 3690 mus,
284 3626 397 3674 facillime
427 3637 452 3674 et
483 3627 550 3675 nullo
580 3629 675 3693 negotio
709 3637 750 3677 tos
774 3631 896 3695 turgescit
912 3630 1030 3677 tristibus
1052 3631 1116 3692 iris,
1144 3631 1204 3677 Curre

182 3730 253 3762 curve
278 3713 355 3760 omnia
375 3713 532 3776 corrigentur:
563 3730 616 3762 cnm
641 3723 677 3762 ter
709 3716 790 3763 decoro
806 3723 878 3779 atque
886 3716 952 3762 omni
964 3731 1002 3762 ene
1015 3717 1204 3764 orbetumloede

183 3811 309 3866 quaterve,
334 3816 380 3846 non
396 3801 502 3863 saepius,
525 3800 549 3846 in
568 3810 618 3848 toto
631 3800 676 3848 Ho-
708 3802 824 3849 reeordor.
849 3801 928 3865 Neque
951 3799 976 3848 id
993 3801 1068 3848 solnm
1081 3803 1106 3849 in
1123 3819 1203 3850 caussa

184 3903 247 3934 mero
270 3894 402 3952 compareat
420 3884 611 3948 idvocahulnm,
636 3902 676 3933 ne·
709 3886 837 3949 Briseidos,
860 3903 929 3952 quam
947 3888 1104 3952 Agamemnon
1122 3889 1146 3935 vi
1162 3886 1203 3934 ab·

184 3989 230 4036 que
260 3971 331 4020 semel
357 3971 387 4037 ad
405 3972 522 4021 Achillem
551 3974 676 4038 pertinent.
711 3972 824 4032 duxerat;
842 3990 923 4021 verum
940 3974 1011 4020 etiam
1028 3955 1122 4021 cum-in
1138 3972 1203 4019 lento

184 4058 270 4117 Immo,
286 4057 320 4103 ait
341 4057 481 4120 Lambinus,
506 4057 593 4107 idcirco
609 4060 679 4106 hene-
709 4059 752 4107 illo
776 4076 857 4107 novem
881 4075 993 4107 annorum
1017 4058 1082 4106 bello
1107 4067 1154 4104 tres
1178 4067 1203 4104 et
