<?xml version="1.0" encoding="UTF-8"?>
<!DOCTYPE html PUBLIC "-//W3C//DTD XHTML 1.0 Transitional//EN"
    "http://www.w3.org/TR/xhtml1/DTD/xhtml1-transitional.dtd">
<html xmlns="http://www.w3.org/1999/xhtml" xml:lang="en" lang="en">
 <head>
  <title>
</title>
<meta http-equiv="Content-Type" content="text/html;charset=utf-8" />
  <meta name='ocr-system' content='tesseract 3.04.00' />
  <meta name='ocr-capabilities' content='ocr_page ocr_carea ocr_par ocr_line ocrx_word'/>
</head>
<body>
  <div class='ocr_page' id='page_1' title='image "./qhoratiiflaccie01horagoog_0066.png"; bbox 0 0 2752 4844; ppageno 0'>
   <div class='ocr_carea' id='block_1_1' title="bbox 493 365 1149 430">
    <p class='ocr_par' dir='ltr' id='par_1_1' title="bbox 493 365 1149 430">
     <span class='ocr_line' id='line_1_1' title="bbox 493 365 1149 430; baseline -0.002 -1"><span class='ocrx_word' id='word_1_1' title='bbox 493 370 553 430; x_wconf 77' lang='lat' dir='ltr'><strong>to</strong></span> <span class='ocrx_word' id='word_1_2' title='bbox 584 365 798 430; x_wconf 84' lang='lat' dir='ltr'>PISONES.</span> <span class='ocrx_word' id='word_1_3' title='bbox 1111 368 1149 429; x_wconf 80' lang='lat'><strong>57</strong></span> 
     </span>
    </p>
   </div>
   <div class='ocr_carea' id='block_1_2' title="bbox 171 571 1124 1255">
    <p class='ocr_par' dir='ltr' id='par_1_2' title="bbox 172 571 1095 666">
     <span class='ocr_line' id='line_1_2' title="bbox 172 571 1095 666; baseline -0.002 -22"><span class='ocrx_word' id='word_1_4' title='bbox 172 574 306 644; x_wconf 89' lang='lat' dir='ltr'><strong>Format</strong></span> <span class='ocrx_word' id='word_1_5' title='bbox 330 572 418 641; x_wconf 89' lang='lat' dir='ltr'><strong>enim</strong></span> <span class='ocrx_word' id='word_1_6' title='bbox 441 580 561 641; x_wconf 89' lang='lat' dir='ltr'><strong>natura</strong></span> <span class='ocrx_word' id='word_1_7' title='bbox 581 573 676 666; x_wconf 89' lang='lat' dir='ltr'><strong>prius</strong></span> <span class='ocrx_word' id='word_1_8' title='bbox 701 593 762 641; x_wconf 88' lang='lat' dir='ltr'><strong>nos</strong></span> <span class='ocrx_word' id='word_1_9' title='bbox 787 572 877 643; x_wconf 88' lang='lat' dir='ltr'><strong>intus</strong></span> <span class='ocrx_word' id='word_1_10' title='bbox 898 571 1095 644; x_wconf 85' lang='lat' dir='ltr'><strong>adomnem</strong></span> 
     </span>
    </p>

    <p class='ocr_par' dir='ltr' id='par_1_3' title="bbox 171 689 1124 1019">
     <span class='ocr_line' id='line_1_3' title="bbox 172 689 1124 785; baseline -0.003 -24"><span class='ocrx_word' id='word_1_11' title='bbox 172 692 395 762; x_wconf 84' lang='lat' dir='ltr'><strong>Fortunarum</strong></span> <span class='ocrx_word' id='word_1_12' title='bbox 413 689 581 776; x_wconf 75' lang='lat' dir='ltr'><strong>habitum3</strong></span> <span class='ocrx_word' id='word_1_13' title='bbox 600 690 711 779; x_wconf 85' lang='lat' dir='ltr'><strong>iuvat,</strong></span> <span class='ocrx_word' id='word_1_14' title='bbox 730 696 789 759; x_wconf 88' lang='lat' dir='ltr'><strong>aut</strong></span> <span class='ocrx_word' id='word_1_15' title='bbox 805 690 949 785; x_wconf 80' lang='lat' dir='ltr'>impellit</span> <span class='ocrx_word' id='word_1_16' title='bbox 967 690 1124 779; x_wconf 84' lang='lat' dir='ltr'><strong>adirem,</strong></span> 
     </span>
     <span class='ocr_line' id='line_1_4' title="bbox 172 807 1112 902; baseline -0.001 -24"><span class='ocrx_word' id='word_1_17' title='bbox 172 809 242 879; x_wconf 83' lang='lat' dir='ltr'><strong>Aut</strong></span> <span class='ocrx_word' id='word_1_18' title='bbox 263 807 305 877; x_wconf 89' lang='lat' dir='ltr'><strong>ad</strong></span> <span class='ocrx_word' id='word_1_19' title='bbox 328 808 470 877; x_wconf 91' lang='lat' dir='ltr'><strong>humum</strong></span> <span class='ocrx_word' id='word_1_20' title='bbox 493 830 643 878; x_wconf 88' lang='lat' dir='ltr'><strong>moerore</strong></span> <span class='ocrx_word' id='word_1_21' title='bbox 666 809 758 900; x_wconf 80' lang='lat' dir='ltr'><strong>gravi</strong></span> <span class='ocrx_word' id='word_1_22' title='bbox 782 807 918 878; x_wconf 84' lang='lat' dir='ltr'><strong>deducit</strong></span> <span class='ocrx_word' id='word_1_23' title='bbox 942 818 975 880; x_wconf 87' lang='lat' dir='ltr'><strong>et</strong></span> <span class='ocrx_word' id='word_1_24' title='bbox 1001 809 1112 902; x_wconf 79' lang='lat' dir='ltr'><strong>angit3</strong></span> 
     </span>
     <span class='ocr_line' id='line_1_5' title="bbox 171 925 1007 1019; baseline 0 -23"><span class='ocrx_word' id='word_1_25' title='bbox 171 927 250 996; x_wconf 83' lang='lat' dir='ltr'>Post</span> <span class='ocrx_word' id='word_1_26' title='bbox 271 926 367 996; x_wconf 87' lang='lat' dir='ltr'><strong>effert</strong></span> <span class='ocrx_word' id='word_1_27' title='bbox 386 927 485 994; x_wconf 89' lang='lat' dir='ltr'><strong>animi</strong></span> <span class='ocrx_word' id='word_1_28' title='bbox 506 934 618 995; x_wconf 91' lang='lat' dir='ltr'><strong>motus</strong></span> <span class='ocrx_word' id='word_1_29' title='bbox 642 927 822 1018; x_wconf 81' lang='lat' dir='ltr'><strong>interprete</strong></span> <span class='ocrx_word' id='word_1_30' title='bbox 844 925 969 1019; x_wconf 81' lang='lat' dir='ltr'><strong>lingua.</strong></span> <span class='ocrx_word' id='word_1_31' title='bbox 1004 926 1007 931; x_wconf 77' lang='grc'><strong>’</strong></span> 
     </span>
    </p>

    <p class='ocr_par' dir='ltr' id='par_1_4' title="bbox 173 1042 925 1134">
     <span class='ocr_line' id='line_1_6' title="bbox 173 1042 925 1134; baseline 0 -21"><span class='ocrx_word' id='word_1_32' title='bbox 173 1044 207 1113; x_wconf 80' lang='lat' dir='ltr'><strong>st</strong></span> <span class='ocrx_word' id='word_1_33' title='bbox 228 1044 365 1114; x_wconf 85' lang='lat' dir='ltr'><strong>dicentis</strong></span> <span class='ocrx_word' id='word_1_34' title='bbox 386 1052 486 1113; x_wconf 89' lang='lat' dir='ltr'><strong>erunt</strong></span> <span class='ocrx_word' id='word_1_35' title='bbox 507 1043 649 1113; x_wconf 86' lang='lat' dir='ltr'><strong>fortunis</strong></span> <span class='ocrx_word' id='word_1_36' title='bbox 668 1042 792 1112; x_wconf 89' lang='lat' dir='ltr'><strong>absona</strong></span> <span class='ocrx_word' id='word_1_37' title='bbox 818 1043 925 1134; x_wconf 85' lang='lat' dir='ltr'><strong>dicta,</strong></span> 
     </span>
    </p>

    <p class='ocr_par' dir='ltr' id='par_1_5' title="bbox 171 1161 1055 1255">
     <span class='ocr_line' id='line_1_7' title="bbox 171 1161 1055 1255; baseline -0.001 -24"><span class='ocrx_word' id='word_1_38' title='bbox 171 1163 314 1233; x_wconf 90' lang='lat' dir='ltr'><strong>Romani</strong></span> <span class='ocrx_word' id='word_1_39' title='bbox 336 1161 457 1232; x_wconf 89' lang='lat' dir='ltr'><strong>tollent</strong></span> <span class='ocrx_word' id='word_1_40' title='bbox 477 1163 605 1255; x_wconf 84' lang='lat' dir='ltr'><strong>equites</strong></span> <span class='ocrx_word' id='word_1_41' title='bbox 628 1162 819 1255; x_wconf 78' lang='lat' dir='ltr'><strong>peditesque</strong></span> <span class='ocrx_word' id='word_1_42' title='bbox 844 1163 1055 1232; x_wconf 84' lang='lat' dir='ltr'><strong>cachinnum.</strong></span> 
     </span>
    </p>
   </div>
   <div class='ocr_carea' id='block_1_3' title="bbox 138 1408 1161 1982">
    <p class='ocr_par' dir='ltr' id='par_1_6' title="bbox 138 1408 1161 1982">
     <span class='ocr_line' id='line_1_8' title="bbox 140 1408 1157 1473; baseline 0.003 -20"><span class='ocrx_word' id='word_1_43' title='bbox 140 1423 172 1453; x_wconf 90' lang='lat' dir='ltr'><strong>au</strong></span> <span class='ocrx_word' id='word_1_44' title='bbox 192 1423 287 1468; x_wconf 76' lang='lat' dir='ltr'><strong>seaere5</strong></span> <span class='ocrx_word' id='word_1_45' title='bbox 312 1408 464 1456; x_wconf 70' lang='lat' dir='ltr'><strong>abundanter</strong></span> <span class='ocrx_word' id='word_1_46' title='bbox 483 1423 515 1454; x_wconf 87' lang='lat' dir='ltr'><strong>aa</strong></span> <span class='ocrx_word' id='word_1_47' title='bbox 531 1423 632 1471; x_wconf 86' lang='lat' dir='ltr'><strong>presse,·</strong></span> <span class='ocrx_word' id='word_1_48' title='bbox 666 1425 727 1457; x_wconf 88' lang='lat' dir='ltr'><strong>nunc</strong></span> <span class='ocrx_word' id='word_1_49' title='bbox 744 1425 796 1456; x_wconf 90' lang='lat' dir='ltr'><strong>cum</strong></span> <span class='ocrx_word' id='word_1_50' title='bbox 812 1410 912 1457; x_wconf 82' lang='lat' dir='ltr'><strong>maxime</strong></span> <span class='ocrx_word' id='word_1_51' title='bbox 932 1425 982 1456; x_wconf 88' lang='lat' dir='ltr'><strong>rem</strong></span> <span class='ocrx_word' id='word_1_52' title='bbox 995 1410 1079 1457; x_wconf 82' lang='lat' dir='ltr'><strong>seriem</strong></span> <span class='ocrx_word' id='word_1_53' title='bbox 1099 1409 1157 1473; x_wconf 83' lang='lat' dir='ltr'><strong>agit.</strong></span> 
     </span>
     <span class='ocr_line' id='line_1_9' title="bbox 140 1493 1160 1558; baseline 0.004 -20"><span class='ocrx_word' id='word_1_54' title='bbox 140 1508 223 1556; x_wconf 78' lang='lat' dir='ltr'><strong>aspere</strong></span> <span class='ocrx_word' id='word_1_55' title='bbox 236 1494 382 1553; x_wconf 80' lang='lat' dir='ltr'><strong>anieniter5</strong></span> <span class='ocrx_word' id='word_1_56' title='bbox 397 1495 633 1557; x_wconf 80' lang='lat' dir='ltr'><strong>magnificeunsub-</strong></span> <span class='ocrx_word' id='word_1_57' title='bbox 665 1493 777 1542; x_wconf 79' lang='lat' dir='ltr'><strong>Martialis</strong></span> <span class='ocrx_word' id='word_1_58' title='bbox 795 1495 859 1558; x_wconf 85' lang='lat' dir='ltr'><strong>uu,</strong></span> <span class='ocrx_word' id='word_1_59' title='bbox 878 1496 918 1543; x_wconf 80' lang='grc'><strong>50.</strong></span> <span class='ocrx_word' id='word_1_60' title='bbox 955 1496 1067 1543; x_wconf 80' lang='lat' dir='ltr'><strong>Vescitur</strong></span> <span class='ocrx_word' id='word_1_61' title='bbox 1082 1496 1160 1542; x_wconf 87' lang='lat' dir='ltr'><strong>amuis</strong></span> 
     </span>
     <span class='ocr_line' id='line_1_10' title="bbox 141 1577 1158 1644; baseline 0.004 -20"><span class='ocrx_word' id='word_1_62' title='bbox 141 1579 240 1638; x_wconf 86' lang='lat' dir='ltr'><strong>tiliter,·</strong></span> <span class='ocrx_word' id='word_1_63' title='bbox 266 1580 384 1643; x_wconf 79' lang='lat' dir='ltr'><strong>grauiter</strong></span> <span class='ocrx_word' id='word_1_64' title='bbox 401 1595 434 1625; x_wconf 89' lang='lat' dir='ltr'><strong>au</strong></span> <span class='ocrx_word' id='word_1_65' title='bbox 457 1579 555 1627; x_wconf 82' lang='lat' dir='ltr'><strong>urbane.</strong></span> <span class='ocrx_word' id='word_1_66' title='bbox 588 1577 634 1626; x_wconf 79' lang='lat' dir='ltr'><strong>td·</strong></span> <span class='ocrx_word' id='word_1_67' title='bbox 666 1595 735 1641; x_wconf 88' lang='lat' dir='ltr'><strong>eques</strong></span> <span class='ocrx_word' id='word_1_68' title='bbox 760 1587 838 1627; x_wconf 76' lang='lat' dir='ltr'><strong>tomam</strong></span> <span class='ocrx_word' id='word_1_69' title='bbox 850 1583 1001 1644; x_wconf 63' lang='lat' dir='ltr'><strong>paratusque</strong></span> <span class='ocrx_word' id='word_1_70' title='bbox 1017 1588 1158 1644; x_wconf 86' lang='lat' dir='ltr'><strong>patresque.</strong></span> 
     </span>
     <span class='ocr_line' id='line_1_11' title="bbox 138 1662 1159 1729; baseline 0.003 -19"><span class='ocrx_word' id='word_1_71' title='bbox 138 1665 202 1727; x_wconf 87' lang='lat' dir='ltr'><strong>spice</strong></span> <span class='ocrx_word' id='word_1_72' title='bbox 224 1663 292 1711; x_wconf 86' lang='lat' dir='ltr'><strong>modo</strong></span> <span class='ocrx_word' id='word_1_73' title='bbox 313 1662 426 1711; x_wconf 85' lang='lat' dir='ltr'><strong>ductuum</strong></span> <span class='ocrx_word' id='word_1_74' title='bbox 447 1665 631 1711; x_wconf 81' lang='lat' dir='ltr'><strong>convenientiam</strong></span> <span class='ocrx_word' id='word_1_75' title='bbox 663 1663 731 1711; x_wconf 77' lang='lat' dir='ltr'><strong>IIdes</strong></span> <span class='ocrx_word' id='word_1_76' title='bbox 743 1667 860 1728; x_wconf 82' lang='lat' dir='ltr'><strong>populum</strong></span> <span class='ocrx_word' id='word_1_77' title='bbox 877 1664 969 1728; x_wconf 86' lang='lat' dir='ltr'><strong>dicere,</strong></span> <span class='ocrx_word' id='word_1_78' title='bbox 986 1682 1033 1713; x_wconf 89' lang='lat' dir='ltr'><strong>non</strong></span> <span class='ocrx_word' id='word_1_79' title='bbox 1044 1667 1159 1729; x_wconf 74' lang='lat' dir='ltr'><strong>pedites,-</strong></span> 
     </span>
     <span class='ocr_line' id='line_1_12' title="bbox 138 1748 1161 1816; baseline 0.002 -21"><span class='ocrx_word' id='word_1_80' title='bbox 138 1748 229 1795; x_wconf 76' lang='lat' dir='ltr'><strong>tutus</strong></span> <span class='ocrx_word' id='word_1_81' title='bbox 243 1751 305 1796; x_wconf 87' lang='lat' dir='ltr'><strong>inter</strong></span> <span class='ocrx_word' id='word_1_82' title='bbox 325 1748 477 1796; x_wconf 72' lang='lat' dir='ltr'><strong>etractus.</strong></span> <span class='ocrx_word' id='word_1_83' title='bbox 501 1749 582 1796; x_wconf 83' lang='lat' dir='ltr'><strong>Postea</strong></span> <span class='ocrx_word' id='word_1_84' title='bbox 596 1765 632 1796; x_wconf 92' lang='lat' dir='ltr'><strong>co·</strong></span> <span class='ocrx_word' id='word_1_85' title='bbox 666 1751 710 1797; x_wconf 89' lang='lat' dir='ltr'><strong>etsi</strong></span> <span class='ocrx_word' id='word_1_86' title='bbox 733 1766 812 1798; x_wconf 87' lang='lat' dir='ltr'><strong>versus</strong></span> <span class='ocrx_word' id='word_1_87' title='bbox 826 1749 871 1798; x_wconf 91' lang='lat' dir='ltr'><strong>hoe</strong></span> <span class='ocrx_word' id='word_1_88' title='bbox 887 1749 1008 1808; x_wconf 85' lang='lat' dir='ltr'><strong>admittat;</strong></span> <span class='ocrx_word' id='word_1_89' title='bbox 1027 1767 1103 1816; x_wconf 82' lang='lat' dir='ltr'><strong>neque</strong></span> <span class='ocrx_word' id='word_1_90' title='bbox 1117 1750 1161 1798; x_wconf 87' lang='lat' dir='ltr'><strong>ali-</strong></span> 
     </span>
     <span class='ocr_line' id='line_1_13' title="bbox 139 1832 1161 1901; baseline 0.004 -21"><span class='ocrx_word' id='word_1_91' title='bbox 139 1835 209 1898; x_wconf 87' lang='lat' dir='ltr'><strong>gnovi</strong></span> <span class='ocrx_word' id='word_1_92' title='bbox 225 1832 281 1882; x_wconf 88' lang='lat' dir='ltr'><strong>huic</strong></span> <span class='ocrx_word' id='word_1_93' title='bbox 298 1836 444 1881; x_wconf 83' lang='lat' dir='ltr'><strong>comesturae</strong></span> <span class='ocrx_word' id='word_1_94' title='bbox 465 1851 512 1882; x_wconf 92' lang='lat' dir='ltr'><strong>non</strong></span> <span class='ocrx_word' id='word_1_95' title='bbox 529 1833 579 1881; x_wconf 84' lang='lat' dir='ltr'><strong>leve</strong></span> <span class='ocrx_word' id='word_1_96' title='bbox 596 1851 633 1882; x_wconf 84' lang='lat' dir='ltr'><strong>ae·</strong></span> <span class='ocrx_word' id='word_1_97' title='bbox 666 1845 703 1882; x_wconf 88' lang='lat' dir='ltr'><strong>ter</strong></span> <span class='ocrx_word' id='word_1_98' title='bbox 716 1837 846 1901; x_wconf 84' lang='lat' dir='ltr'><strong>quisquam.</strong></span> <span class='ocrx_word' id='word_1_99' title='bbox 864 1837 947 1884; x_wconf 86' lang='lat' dir='ltr'><strong>Peccat</strong></span> <span class='ocrx_word' id='word_1_100' title='bbox 963 1835 1064 1898; x_wconf 89' lang='lat' dir='ltr'><strong>deinde,</strong></span> <span class='ocrx_word' id='word_1_101' title='bbox 1082 1847 1109 1884; x_wconf 91' lang='lat' dir='ltr'><strong>ut</strong></span> <span class='ocrx_word' id='word_1_102' title='bbox 1125 1835 1161 1884; x_wconf 85' lang='lat' dir='ltr'><strong>di-</strong></span> 
     </span>
     <span class='ocr_line' id='line_1_14' title="bbox 139 1917 1161 1982; baseline 0.002 -16"><span class='ocrx_word' id='word_1_103' title='bbox 139 1917 221 1966; x_wconf 85' lang='lat' dir='ltr'><strong>cedere</strong></span> <span class='ocrx_word' id='word_1_104' title='bbox 242 1929 384 1967; x_wconf 87' lang='lat' dir='ltr'><strong>momentum</strong></span> <span class='ocrx_word' id='word_1_105' title='bbox 411 1936 439 1967; x_wconf 85' lang='lat' dir='ltr'><strong>ex</strong></span> <span class='ocrx_word' id='word_1_106' title='bbox 463 1919 508 1967; x_wconf 82' lang='lat' dir='ltr'><strong>IIS.</strong></span> <span class='ocrx_word' id='word_1_107' title='bbox 531 1920 633 1968; x_wconf 87' lang='lat' dir='ltr'><strong>Br&#39;enek-</strong></span> <span class='ocrx_word' id='word_1_108' title='bbox 664 1922 706 1982; x_wconf 89' lang='lat' dir='ltr'><strong>xi,</strong></span> <span class='ocrx_word' id='word_1_109' title='bbox 723 1922 748 1968; x_wconf 88' lang='lat' dir='ltr'><strong>in</strong></span> <span class='ocrx_word' id='word_1_110' title='bbox 764 1923 920 1969; x_wconf 88' lang='lat' dir='ltr'><strong>sententiam:</strong></span> <span class='ocrx_word' id='word_1_111' title='bbox 938 1939 985 1969; x_wconf 91' lang='lat' dir='ltr'><strong>non</strong></span> <span class='ocrx_word' id='word_1_112' title='bbox 1003 1923 1065 1970; x_wconf 88' lang='lat' dir='ltr'><strong>enim</strong></span> <span class='ocrx_word' id='word_1_113' title='bbox 1081 1920 1106 1968; x_wconf 87' lang='lat' dir='ltr'><strong>id</strong></span> <span class='ocrx_word' id='word_1_114' title='bbox 1122 1938 1161 1968; x_wconf 87' lang='lat' dir='ltr'><strong>vo-</strong></span> 
     </span>
    </p>
   </div>
   <div class='ocr_carea' id='block_1_4' title="bbox 44 1995 1161 2073">
    <p class='ocr_par' dir='ltr' id='par_1_7' title="bbox 44 1995 1161 2073">
     <span class='ocr_line' id='line_1_15' title="bbox 44 1995 1161 2073; baseline 0.004 -22"><span class='ocrx_word' id='word_1_115' title='bbox 44 2003 47 2007; x_wconf 76' lang='grc'><strong>’</strong></span> <span class='ocrx_word' id='word_1_116' title='bbox 140 2006 232 2067; x_wconf 84' lang='lat' dir='ltr'><strong>manni,</strong></span> <span class='ocrx_word' id='word_1_117' title='bbox 250 2004 292 2052; x_wconf 92' lang='lat' dir='ltr'><strong>ubi</strong></span> <span class='ocrx_word' id='word_1_118' title='bbox 306 2005 413 2052; x_wconf 86' lang='lat' dir='ltr'><strong>Dukerus</strong></span> <span class='ocrx_word' id='word_1_119' title='bbox 429 2022 471 2070; x_wconf 88' lang='lat' dir='ltr'><strong>pro</strong></span> <span class='ocrx_word' id='word_1_120' title='bbox 482 1995 573 2052; x_wconf 72' lang='lat' dir='ltr'><strong>tunm</strong></span> <span class='ocrx_word' id='word_1_121' title='bbox 586 2006 635 2070; x_wconf 83' lang='lat' dir='ltr'><strong>legi</strong></span> <span class='ocrx_word' id='word_1_122' title='bbox 666 2006 713 2054; x_wconf 90' lang='lat' dir='ltr'><strong>luit</strong></span> <span class='ocrx_word' id='word_1_123' title='bbox 726 2007 822 2069; x_wconf 85' lang='lat' dir='ltr'><strong>Noster,</strong></span> <span class='ocrx_word' id='word_1_124' title='bbox 838 2023 915 2073; x_wconf 85' lang='lat' dir='ltr'><strong>neque</strong></span> <span class='ocrx_word' id='word_1_125' title='bbox 935 2017 982 2055; x_wconf 89' lang='lat' dir='ltr'><strong>tam</strong></span> <span class='ocrx_word' id='word_1_126' title='bbox 1003 2006 1063 2055; x_wconf 89' lang='lat' dir='ltr'><strong>bene</strong></span> <span class='ocrx_word' id='word_1_127' title='bbox 1075 2006 1104 2054; x_wconf 91' lang='lat' dir='ltr'><strong>de</strong></span> <span class='ocrx_word' id='word_1_128' title='bbox 1120 2024 1161 2071; x_wconf 89' lang='lat' dir='ltr'><strong>po·</strong></span> 
     </span>
    </p>
   </div>
   <div class='ocr_carea' id='block_1_5' title="bbox 138 2089 1171 2837">
    <p class='ocr_par' dir='ltr' id='par_1_8' title="bbox 138 2089 1171 2583">
     <span class='ocr_line' id='line_1_16' title="bbox 139 2089 1162 2156; baseline 0.003 -19"><span class='ocrx_word' id='word_1_129' title='bbox 139 2099 240 2137; x_wconf 87' lang='lat' dir='ltr'><strong>testatur</strong></span> <span class='ocrx_word' id='word_1_130' title='bbox 253 2090 356 2138; x_wconf 77' lang='lat' dir='ltr'><strong>VMBRA.</strong></span> <span class='ocrx_word' id='word_1_131' title='bbox 381 2089 580 2138; x_wconf 84' lang='lat' dir='ltr'><strong>Hocvocabnlum</strong></span> <span class='ocrx_word' id='word_1_132' title='bbox 593 2092 632 2137; x_wconf 85' lang='lat' dir='ltr'><strong>vix</strong></span> <span class='ocrx_word' id='word_1_133' title='bbox 665 2091 722 2154; x_wconf 91' lang='lat' dir='ltr'><strong>pulo</strong></span> <span class='ocrx_word' id='word_1_134' title='bbox 739 2093 896 2153; x_wconf 81' lang='lat' dir='ltr'><strong>existimavit,</strong></span> <span class='ocrx_word' id='word_1_135' title='bbox 919 2092 1037 2156; x_wconf 88' lang='lat' dir='ltr'><strong>extemplo</strong></span> <span class='ocrx_word' id='word_1_136' title='bbox 1054 2109 1108 2140; x_wconf 87' lang='lat' dir='ltr'><strong>eum</strong></span> <span class='ocrx_word' id='word_1_137' title='bbox 1124 2106 1162 2140; x_wconf 89' lang='lat' dir='ltr'><strong>ca-</strong></span> 
     </span>
     <span class='ocr_line' id='line_1_17' title="bbox 139 2173 1162 2242; baseline 0.003 -20"><span class='ocrx_word' id='word_1_138' title='bbox 139 2192 187 2222; x_wconf 88' lang='lat' dir='ltr'><strong>esse</strong></span> <span class='ocrx_word' id='word_1_139' title='bbox 198 2185 276 2240; x_wconf 86' lang='lat' dir='ltr'><strong>petest</strong></span> <span class='ocrx_word' id='word_1_140' title='bbox 290 2191 354 2222; x_wconf 88' lang='lat' dir='ltr'><strong>error</strong></span> <span class='ocrx_word' id='word_1_141' title='bbox 369 2173 522 2222; x_wconf 80' lang='lat' dir='ltr'><strong>describentis</strong></span> <span class='ocrx_word' id='word_1_142' title='bbox 540 2176 633 2222; x_wconf 87' lang='lat' dir='ltr'><strong>notissi·</strong></span> <span class='ocrx_word' id='word_1_143' title='bbox 665 2174 762 2223; x_wconf 87' lang='lat' dir='ltr'><strong>chinnos</strong></span> <span class='ocrx_word' id='word_1_144' title='bbox 792 2174 940 2223; x_wconf 87' lang='lat' dir='ltr'><strong>sublaturum</strong></span> <span class='ocrx_word' id='word_1_145' title='bbox 967 2193 1029 2238; x_wconf 85' lang='lat' dir='ltr'><strong>esse,</strong></span> <span class='ocrx_word' id='word_1_146' title='bbox 1059 2179 1080 2224; x_wconf 88' lang='lat' dir='ltr'><strong>si</strong></span> <span class='ocrx_word' id='word_1_147' title='bbox 1103 2176 1162 2242; x_wconf 82' lang='lat' dir='ltr'><strong>quid</strong></span> 
     </span>
     <span class='ocr_line' id='line_1_18' title="bbox 138 2259 1161 2326; baseline 0.002 -19"><span class='ocrx_word' id='word_1_148' title='bbox 138 2276 202 2307; x_wconf 88' lang='lat' dir='ltr'><strong>mum</strong></span> <span class='ocrx_word' id='word_1_149' title='bbox 217 2260 322 2322; x_wconf 73' lang='lat' dir='ltr'>VERBA,</span> <span class='ocrx_word' id='word_1_150' title='bbox 344 2259 385 2307; x_wconf 87' lang='lat' dir='ltr'><strong>sed</strong></span> <span class='ocrx_word' id='word_1_151' title='bbox 399 2269 534 2324; x_wconf 85' lang='lat' dir='ltr'><strong>corruptum</strong></span> <span class='ocrx_word' id='word_1_152' title='bbox 551 2269 586 2306; x_wconf 89' lang='lat' dir='ltr'><strong>est</strong></span> <span class='ocrx_word' id='word_1_153' title='bbox 603 2277 632 2307; x_wconf 87' lang='lat' dir='ltr'><strong>ex</strong></span> <span class='ocrx_word' id='word_1_154' title='bbox 665 2269 729 2306; x_wconf 89' lang='lat' dir='ltr'><strong>actor</strong></span> <span class='ocrx_word' id='word_1_155' title='bbox 746 2260 882 2325; x_wconf 87' lang='lat' dir='ltr'><strong>loqueretur</strong></span> <span class='ocrx_word' id='word_1_156' title='bbox 891 2278 1001 2326; x_wconf 85' lang='lat' dir='ltr'><strong>personae</strong></span> <span class='ocrx_word' id='word_1_157' title='bbox 1009 2278 1065 2309; x_wconf 87' lang='lat' dir='ltr'><strong>suae</strong></span> <span class='ocrx_word' id='word_1_158' title='bbox 1081 2263 1161 2309; x_wconf 90' lang='lat' dir='ltr'><strong>incon-</strong></span> 
     </span>
     <span class='ocr_line' id='line_1_19' title="bbox 138 2344 1161 2410; baseline 0.003 -18"><span class='ocrx_word' id='word_1_159' title='bbox 138 2345 266 2406; x_wconf 73' lang='lat' dir='ltr'><strong>vastat,</strong></span> <span class='ocrx_word' id='word_1_160' title='bbox 294 2346 361 2392; x_wconf 80' lang='lat' dir='ltr'><strong>cutus</strong></span> <span class='ocrx_word' id='word_1_161' title='bbox 385 2361 464 2392; x_wconf 89' lang='lat' dir='ltr'><strong>omnes</strong></span> <span class='ocrx_word' id='word_1_162' title='bbox 486 2345 536 2392; x_wconf 85' lang='lat' dir='ltr'><strong>fere</strong></span> <span class='ocrx_word' id='word_1_163' title='bbox 559 2344 633 2392; x_wconf 89' lang='lat' dir='ltr'><strong>lineas</strong></span> <span class='ocrx_word' id='word_1_164' title='bbox 665 2346 769 2393; x_wconf 89' lang='lat' dir='ltr'><strong>veniens.</strong></span> <span class='ocrx_word' id='word_1_165' title='bbox 792 2347 864 2393; x_wconf 92' lang='lat' dir='ltr'><strong>Immo</strong></span> <span class='ocrx_word' id='word_1_166' title='bbox 885 2363 939 2394; x_wconf 86' lang='lat' dir='ltr'><strong>vero</strong></span> <span class='ocrx_word' id='word_1_167' title='bbox 953 2363 1044 2410; x_wconf 85' lang='lat' dir='ltr'><strong>semper</strong></span> <span class='ocrx_word' id='word_1_168' title='bbox 1064 2363 1117 2394; x_wconf 89' lang='lat' dir='ltr'><strong>eum</strong></span> <span class='ocrx_word' id='word_1_169' title='bbox 1131 2345 1161 2394; x_wconf 88' lang='lat' dir='ltr'><strong>ab</strong></span> 
     </span>
     <span class='ocr_line' id='line_1_20' title="bbox 138 2413 1161 2495; baseline 0.003 -18"><span class='ocrx_word' id='word_1_170' title='bbox 138 2432 259 2492; x_wconf 89' lang='lat' dir='ltr'><strong>continet,</strong></span> <span class='ocrx_word' id='word_1_171' title='bbox 276 2432 313 2492; x_wconf 89' lang='lat' dir='ltr'><strong>si,</strong></span> <span class='ocrx_word' id='word_1_172' title='bbox 334 2431 481 2495; x_wconf 86' lang='lat' dir='ltr'><strong>transpositis</strong></span> <span class='ocrx_word' id='word_1_173' title='bbox 500 2429 590 2478; x_wconf 86' lang='lat' dir='ltr'><strong>duabus</strong></span> <span class='ocrx_word' id='word_1_174' title='bbox 606 2429 636 2477; x_wconf 90' lang='lat' dir='ltr'><strong>li·</strong></span> <span class='ocrx_word' id='word_1_175' title='bbox 668 2431 792 2492; x_wconf 80' lang='lat' dir='ltr'><strong>equitibus</strong></span> <span class='ocrx_word' id='word_1_176' title='bbox 807 2433 921 2490; x_wconf 82' lang='lat' dir='ltr'><strong>secernit3</strong></span> <span class='ocrx_word' id='word_1_177' title='bbox 940 2413 982 2480; x_wconf 90' lang='lat' dir='ltr'><strong>hos</strong></span> <span class='ocrx_word' id='word_1_178' title='bbox 998 2448 1050 2480; x_wconf 87' lang='lat' dir='ltr'><strong>enm</strong></span> <span class='ocrx_word' id='word_1_179' title='bbox 1067 2440 1161 2480; x_wconf 87' lang='lat' dir='ltr'><strong>senato-</strong></span> 
     </span>
     <span class='ocr_line' id='line_1_21' title="bbox 138 2514 1171 2583; baseline 0.002 -20"><span class='ocrx_word' id='word_1_180' title='bbox 138 2518 212 2577; x_wconf 89' lang='lat' dir='ltr'><strong>teris,</strong></span> <span class='ocrx_word' id='word_1_181' title='bbox 230 2514 317 2564; x_wconf 88' lang='lat' dir='ltr'><strong>scribas</strong></span> <span class='ocrx_word' id='word_1_182' title='bbox 333 2516 437 2563; x_wconf 76' lang='lat' dir='ltr'><strong>tacut.</strong></span> <span class='ocrx_word' id='word_1_183' title='bbox 663 2517 732 2563; x_wconf 80' lang='lat' dir='ltr'><strong>ribus</strong></span> <span class='ocrx_word' id='word_1_184' title='bbox 748 2515 808 2564; x_wconf 87' lang='lat' dir='ltr'><strong>solos</strong></span> <span class='ocrx_word' id='word_1_185' title='bbox 830 2526 953 2582; x_wconf 84' lang='lat' dir='ltr'><strong>poetarum</strong></span> <span class='ocrx_word' id='word_1_186' title='bbox 978 2516 1078 2565; x_wconf 86' lang='lat' dir='ltr'><strong>arbitros</strong></span> <span class='ocrx_word' id='word_1_187' title='bbox 1095 2517 1171 2583; x_wconf 71' lang='lat' dir='ltr'><strong>pree&#39;</strong></span> 
     </span>
    </p>

    <p class='ocr_par' dir='ltr' id='par_1_9' title="bbox 138 2599 1162 2837">
     <span class='ocr_line' id='line_1_22' title="bbox 169 2599 1162 2668; baseline 0.002 -20"><span class='ocrx_word' id='word_1_188' title='bbox 169 2603 277 2648; x_wconf 81' lang='lat' dir='ltr'><strong>Itunaui</strong></span> <span class='ocrx_word' id='word_1_189' title='bbox 305 2603 393 2649; x_wconf 80' lang='lat' dir='ltr'><strong>tollent</strong></span> <span class='ocrx_word' id='word_1_190' title='bbox 412 2601 507 2665; x_wconf 81' lang='lat' dir='ltr'><strong>equites</strong></span> <span class='ocrx_word' id='word_1_191' title='bbox 520 2601 635 2665; x_wconf 81' lang='lat' dir='ltr'><strong>pedites-</strong></span> <span class='ocrx_word' id='word_1_192' title='bbox 666 2599 743 2662; x_wconf 87' lang='lat' dir='ltr'><strong>dicat,</strong></span> <span class='ocrx_word' id='word_1_193' title='bbox 754 2603 848 2664; x_wconf 80' lang='lat' dir='ltr'><strong>plebem</strong></span> <span class='ocrx_word' id='word_1_194' title='bbox 858 2604 998 2668; x_wconf 85' lang='lat' dir='ltr'><strong>utineptam</strong></span> <span class='ocrx_word' id='word_1_195' title='bbox 1012 2602 1162 2651; x_wconf 82' lang='lat' dir='ltr'><strong>etindoctam</strong></span> 
     </span>
     <span class='ocr_line' id='line_1_23' title="bbox 138 2686 1159 2754; baseline 0.001 -20"><span class='ocrx_word' id='word_1_196' title='bbox 138 2703 182 2750; x_wconf 91' lang='lat' dir='ltr'><strong>que</strong></span> <span class='ocrx_word' id='word_1_197' title='bbox 197 2689 348 2735; x_wconf 82' lang='lat' dir='ltr'><strong>cachinnum.</strong></span> <span class='ocrx_word' id='word_1_198' title='bbox 363 2687 450 2735; x_wconf 74' lang='lat' dir='ltr'><strong>Vitiosa</strong></span> <span class='ocrx_word' id='word_1_199' title='bbox 464 2697 489 2734; x_wconf 89' lang='lat' dir='ltr'><strong>et</strong></span> <span class='ocrx_word' id='word_1_200' title='bbox 499 2688 581 2752; x_wconf 85' lang='lat' dir='ltr'><strong>inepta</strong></span> <span class='ocrx_word' id='word_1_201' title='bbox 595 2686 635 2734; x_wconf 91' lang='lat' dir='ltr'><strong>Ie·</strong></span> <span class='ocrx_word' id='word_1_202' title='bbox 667 2686 749 2752; x_wconf 89' lang='lat' dir='ltr'><strong>procul</strong></span> <span class='ocrx_word' id='word_1_203' title='bbox 768 2696 832 2734; x_wconf 88' lang='lat' dir='ltr'><strong>arcet</strong></span> <span class='ocrx_word' id='word_1_204' title='bbox 851 2696 875 2734; x_wconf 88' lang='lat' dir='ltr'><strong>et</strong></span> <span class='ocrx_word' id='word_1_205' title='bbox 893 2686 1023 2736; x_wconf 85' lang='lat' dir='ltr'><strong>submovet.</strong></span> <span class='ocrx_word' id='word_1_206' title='bbox 1037 2688 1120 2754; x_wconf 75' lang='lat' dir='ltr'><strong>Serm.</strong></span> <span class='ocrx_word' id='word_1_207' title='bbox 1134 2690 1159 2751; x_wconf 91' lang='lat'><strong>1,</strong></span> 
     </span>
     <span class='ocr_line' id='line_1_24' title="bbox 138 2771 1161 2837; baseline 0.001 -17"><span class='ocrx_word' id='word_1_208' title='bbox 138 2774 202 2834; x_wconf 87' lang='lat' dir='ltr'><strong>ctio,</strong></span> <span class='ocrx_word' id='word_1_209' title='bbox 228 2775 334 2837; x_wconf 70' lang='lat' dir='ltr'><strong>quernus</strong></span> <span class='ocrx_word' id='word_1_210' title='bbox 359 2772 388 2820; x_wconf 80' lang='lat' dir='ltr'><strong>ab</strong></span> <span class='ocrx_word' id='word_1_211' title='bbox 405 2771 512 2819; x_wconf 85' lang='lat' dir='ltr'><strong>omnibus</strong></span> <span class='ocrx_word' id='word_1_212' title='bbox 529 2771 633 2820; x_wconf 88' lang='lat' dir='ltr'><strong>librariis</strong></span> <span class='ocrx_word' id='word_1_213' title='bbox 664 2784 696 2832; x_wconf 86' lang='lat' dir='ltr'><strong>x,</strong></span> <span class='ocrx_word' id='word_1_214' title='bbox 722 2773 761 2820; x_wconf 83' lang='lat'><strong>76.</strong></span> <span class='ocrx_word' id='word_1_215' title='bbox 794 2773 852 2820; x_wconf 87' lang='lat' dir='ltr'><strong>Noa</strong></span> <span class='ocrx_word' id='word_1_216' title='bbox 873 2788 929 2837; x_wconf 83' lang='lat' dir='ltr'><strong>ege:</strong></span> <span class='ocrx_word' id='word_1_217' title='bbox 954 2789 1010 2820; x_wconf 77' lang='lat' dir='ltr'><strong>aaut</strong></span> <span class='ocrx_word' id='word_1_218' title='bbox 1034 2775 1100 2820; x_wconf 86' lang='lat' dir='ltr'><strong>setis</strong></span> <span class='ocrx_word' id='word_1_219' title='bbox 1122 2781 1161 2821; x_wconf 89' lang='lat' dir='ltr'><strong>cst</strong></span> 
     </span>
    </p>
   </div>
   <div class='ocr_carea' id='block_1_6' title="bbox 38 2848 1162 2923">
    <p class='ocr_par' dir='ltr' id='par_1_10' title="bbox 38 2848 1162 2923">
     <span class='ocr_line' id='line_1_25' title="bbox 38 2848 1162 2923; baseline 0.001 -19"><span class='ocrx_word' id='word_1_220' title='bbox 38 2848 40 2854; x_wconf 42' lang='lat'>⁸</span> <span class='ocrx_word' id='word_1_221' title='bbox 138 2867 233 2923; x_wconf 89' lang='lat' dir='ltr'><strong>recepta</strong></span> <span class='ocrx_word' id='word_1_222' title='bbox 252 2867 276 2904; x_wconf 94' lang='lat' dir='ltr'><strong>et</strong></span> <span class='ocrx_word' id='word_1_223' title='bbox 299 2867 441 2922; x_wconf 81' lang='lat' dir='ltr'><strong>propagata:</strong></span> <span class='ocrx_word' id='word_1_224' title='bbox 468 2858 556 2922; x_wconf 85' lang='lat' dir='ltr'><strong>quippe</strong></span> <span class='ocrx_word' id='word_1_225' title='bbox 573 2873 633 2921; x_wconf 81' lang='lat' dir='ltr'><strong>quae</strong></span> <span class='ocrx_word' id='word_1_226' title='bbox 666 2859 771 2920; x_wconf 88' lang='lat' dir='ltr'><strong>equitem</strong></span> <span class='ocrx_word' id='word_1_227' title='bbox 790 2859 855 2905; x_wconf 82' lang='lat' dir='ltr'><strong>mitri</strong></span> <span class='ocrx_word' id='word_1_228' title='bbox 879 2859 1009 2920; x_wconf 81' lang='lat' dir='ltr'><strong>plaudere,</strong></span> <span class='ocrx_word' id='word_1_229' title='bbox 1030 2866 1060 2905; x_wconf 91' lang='lat' dir='ltr'><strong>ut</strong></span> <span class='ocrx_word' id='word_1_230' title='bbox 1080 2859 1162 2906; x_wconf 70' lang='lat' dir='ltr'><strong>audac</strong></span> 
     </span>
    </p>
   </div>
   <div class='ocr_carea' id='block_1_7' title="bbox 91 2942 1161 4119">
    <p class='ocr_par' dir='ltr' id='par_1_11' title="bbox 91 2942 1161 4119">
     <span class='ocr_line' id='line_1_26' title="bbox 138 2942 1161 3007; baseline 0.002 -17"><span class='ocrx_word' id='word_1_231' title='bbox 138 2953 163 2990; x_wconf 91' lang='lat' dir='ltr'><strong>et</strong></span> <span class='ocrx_word' id='word_1_232' title='bbox 179 2945 296 2990; x_wconf 79' lang='lat' dir='ltr'><strong>sententIe</strong></span> <span class='ocrx_word' id='word_1_233' title='bbox 314 2953 337 2990; x_wconf 90' lang='lat' dir='ltr'><strong>et</strong></span> <span class='ocrx_word' id='word_1_234' title='bbox 350 2943 453 2990; x_wconf 81' lang='lat' dir='ltr'><strong>dictione</strong></span> <span class='ocrx_word' id='word_1_235' title='bbox 470 2952 560 3007; x_wconf 86' lang='lat' dir='ltr'><strong>peccat.</strong></span> <span class='ocrx_word' id='word_1_236' title='bbox 575 2942 633 2990; x_wconf 86' lang='lat' dir='ltr'><strong>Nus·</strong></span> <span class='ocrx_word' id='word_1_237' title='bbox 667 2943 802 2990; x_wconf 74' lang='lat' dir='ltr'><strong>Cantantes</strong></span> <span class='ocrx_word' id='word_1_238' title='bbox 822 2945 885 2990; x_wconf 84' lang='lat' dir='ltr'><strong>aliis</strong></span> <span class='ocrx_word' id='word_1_239' title='bbox 908 2945 1006 3006; x_wconf 70' lang='lat' dir='ltr'><strong>explosa</strong></span> <span class='ocrx_word' id='word_1_240' title='bbox 1025 2943 1161 2992; x_wconf 76' lang='lat' dir='ltr'><strong>Arbuscula</strong></span> 
     </span>
     <span class='ocr_line' id='line_1_27' title="bbox 138 3025 1161 3093; baseline 0.002 -18"><span class='ocrx_word' id='word_1_241' title='bbox 138 3045 208 3092; x_wconf 90' lang='lat' dir='ltr'><strong>quam</strong></span> <span class='ocrx_word' id='word_1_242' title='bbox 230 3029 292 3075; x_wconf 88' lang='lat' dir='ltr'><strong>enim</strong></span> <span class='ocrx_word' id='word_1_243' title='bbox 312 3029 412 3092; x_wconf 80' lang='lat' dir='ltr'><strong>pedites</strong></span> <span class='ocrx_word' id='word_1_244' title='bbox 432 3025 571 3075; x_wconf 83' lang='lat' dir='ltr'><strong>dicebantur</strong></span> <span class='ocrx_word' id='word_1_245' title='bbox 586 3029 633 3075; x_wconf 89' lang='lat' dir='ltr'><strong>nisi</strong></span> <span class='ocrx_word' id='word_1_246' title='bbox 664 3028 741 3076; x_wconf 79' lang='lat' dir='ltr'><strong>dicit.</strong></span> <span class='ocrx_word' id='word_1_247' title='bbox 760 3029 909 3093; x_wconf 87' lang='lat' dir='ltr'><strong>Epist.II,1,</strong></span> <span class='ocrx_word' id='word_1_248' title='bbox 929 3030 981 3077; x_wconf 73' lang='lat'><strong>182.</strong></span> <span class='ocrx_word' id='word_1_249' title='bbox 1000 3029 1161 3092; x_wconf 87' lang='lat' dir='ltr'><strong>Suepeetiurn</strong></span> 
     </span>
     <span class='ocr_line' id='line_1_28' title="bbox 137 3111 1161 3179; baseline 0.002 -19"><span class='ocrx_word' id='word_1_250' title='bbox 137 3113 249 3173; x_wconf 63' lang='lat' dir='ltr'><strong>militiam</strong></span> <span class='ocrx_word' id='word_1_251' title='bbox 275 3113 313 3161; x_wconf 80' lang='lat' dir='ltr'><strong>vel</strong></span> <span class='ocrx_word' id='word_1_252' title='bbox 331 3115 356 3161; x_wconf 89' lang='lat' dir='ltr'><strong>in</strong></span> <span class='ocrx_word' id='word_1_253' title='bbox 373 3111 492 3177; x_wconf 88' lang='lat' dir='ltr'><strong>triumpho</strong></span> <span class='ocrx_word' id='word_1_254' title='bbox 516 3114 577 3160; x_wconf 87' lang='lat' dir='ltr'><strong>forte</strong></span> <span class='ocrx_word' id='word_1_255' title='bbox 594 3111 653 3160; x_wconf 55' lang='lat' dir='ltr'><strong>veto</strong></span> <span class='ocrx_word' id='word_1_256' title='bbox 665 3113 877 3178; x_wconf 78' lang='lat' dir='ltr'><strong>audacem&#39;fugat</strong></span> <span class='ocrx_word' id='word_1_257' title='bbox 898 3114 940 3161; x_wconf 81' lang='lat' dir='ltr'><strong>troo</strong></span> <span class='ocrx_word' id='word_1_258' title='bbox 962 3121 1085 3178; x_wconf 86' lang='lat' dir='ltr'><strong>terretque</strong></span> <span class='ocrx_word' id='word_1_259' title='bbox 1103 3130 1161 3179; x_wconf 87' lang='lat' dir='ltr'><strong>poo-</strong></span> 
     </span>
     <span class='ocr_line' id='line_1_29' title="bbox 138 3198 1160 3264; baseline 0.001 -17"><span class='ocrx_word' id='word_1_260' title='bbox 138 3215 235 3264; x_wconf 86' lang='lat' dir='ltr'><strong>pompa:</strong></span> <span class='ocrx_word' id='word_1_261' title='bbox 261 3198 323 3247; x_wconf 92' lang='lat' dir='ltr'><strong>domi</strong></span> <span class='ocrx_word' id='word_1_262' title='bbox 334 3201 440 3263; x_wconf 69' lang='lat' dir='ltr'><strong>popualus</strong></span> <span class='ocrx_word' id='word_1_263' title='bbox 455 3198 493 3246; x_wconf 85' lang='lat' dir='ltr'><strong>vel</strong></span> <span class='ocrx_word' id='word_1_264' title='bbox 506 3199 577 3262; x_wconf 81' lang='lat' dir='ltr'><strong>plebs</strong></span> <span class='ocrx_word' id='word_1_265' title='bbox 592 3215 633 3263; x_wconf 91' lang='lat' dir='ltr'><strong>ap·</strong></span> <span class='ocrx_word' id='word_1_266' title='bbox 667 3205 717 3245; x_wconf 85' lang='lat' dir='ltr'><strong>tam</strong></span> <span class='ocrx_word' id='word_1_267' title='bbox 727 3222 742 3260; x_wconf 54' lang='grc' dir='ltr'><strong>,η</strong></span> <span class='ocrx_word' id='word_1_268' title='bbox 755 3199 823 3255; x_wconf 75' lang='lat' dir='ltr'><strong>Quod</strong></span> <span class='ocrx_word' id='word_1_269' title='bbox 841 3214 939 3251; x_wconf 85' lang='lat' dir='ltr'><strong>numero</strong></span> <span class='ocrx_word' id='word_1_270' title='bbox 948 3201 1048 3263; x_wconf 83' lang='lat' dir='ltr'><strong>plures,</strong></span> <span class='ocrx_word' id='word_1_271' title='bbox 1066 3202 1160 3249; x_wconf 83' lang='lat' dir='ltr'><strong>virtute</strong></span> 
     </span>
     <span class='ocr_line' id='line_1_30' title="bbox 137 3285 1160 3349; baseline 0 -16"><span class='ocrx_word' id='word_1_272' title='bbox 137 3285 295 3349; x_wconf 83' lang='lat' dir='ltr'><strong>pellabantur.</strong></span> <span class='ocrx_word' id='word_1_273' title='bbox 329 3285 414 3347; x_wconf 89' lang='lat' dir='ltr'><strong>Nemo,</strong></span> <span class='ocrx_word' id='word_1_274' title='bbox 438 3285 550 3349; x_wconf 85' lang='lat' dir='ltr'><strong>inquam,</strong></span> <span class='ocrx_word' id='word_1_275' title='bbox 572 3285 632 3332; x_wconf 87' lang='lat' dir='ltr'><strong>seri-</strong></span> <span class='ocrx_word' id='word_1_276' title='bbox 665 3291 691 3339; x_wconf 82' lang='lat' dir='ltr'><strong>ct</strong></span> <span class='ocrx_word' id='word_1_277' title='bbox 706 3285 792 3330; x_wconf 83' lang='lat' dir='ltr'><strong>honore</strong></span> <span class='ocrx_word' id='word_1_278' title='bbox 807 3286 928 3348; x_wconf 88' lang='lat' dir='ltr'><strong>minores,</strong></span> <span class='ocrx_word' id='word_1_279' title='bbox 949 3286 1046 3334; x_wconf 71' lang='lat' dir='ltr'><strong>indocti</strong></span> <span class='ocrx_word' id='word_1_280' title='bbox 1061 3288 1160 3335; x_wconf 78' lang='lat' dir='ltr'><strong>stolidi-</strong></span> 
     </span>
     <span class='ocr_line' id='line_1_31' title="bbox 91 3368 1159 3434; baseline 0.006 -20"><span class='ocrx_word' id='word_1_281' title='bbox 91 3410 93 3414; x_wconf 92' lang='lat'><strong>.</strong></span> <span class='ocrx_word' id='word_1_282' title='bbox 136 3380 231 3434; x_wconf 89' lang='lat' dir='ltr'><strong>ptorum</strong></span> <span class='ocrx_word' id='word_1_283' title='bbox 246 3372 317 3418; x_wconf 90' lang='lat' dir='ltr'><strong>aliter</strong></span> <span class='ocrx_word' id='word_1_284' title='bbox 330 3370 422 3420; x_wconf 89' lang='lat' dir='ltr'><strong>locutus</strong></span> <span class='ocrx_word' id='word_1_285' title='bbox 439 3378 486 3426; x_wconf 88' lang='lat' dir='ltr'><strong>est;</strong></span> <span class='ocrx_word' id='word_1_286' title='bbox 504 3370 551 3416; x_wconf 89' lang='lat' dir='ltr'><strong>nisi</strong></span> <span class='ocrx_word' id='word_1_287' title='bbox 563 3368 632 3416; x_wconf 86' lang='lat' dir='ltr'><strong>Plau·</strong></span> <span class='ocrx_word' id='word_1_288' title='bbox 664 3376 742 3430; x_wconf 83' lang='lat' dir='ltr'><strong>quaet</strong></span> <span class='ocrx_word' id='word_1_289' title='bbox 758 3369 896 3434; x_wconf 77' lang='lat' dir='ltr'><strong>depugnare</strong></span> <span class='ocrx_word' id='word_1_290' title='bbox 904 3372 994 3434; x_wconf 87' lang='lat' dir='ltr'><strong>parati</strong></span> <span class='ocrx_word' id='word_1_291' title='bbox 1001 3408 1007 3433; x_wconf 90' lang='lat'>,</span> <span class='ocrx_word' id='word_1_292' title='bbox 1022 3373 1053 3420; x_wconf 87' lang='lat' dir='ltr'><strong>Si</strong></span> <span class='ocrx_word' id='word_1_293' title='bbox 1069 3372 1159 3420; x_wconf 89' lang='lat' dir='ltr'><strong>discar-</strong></span> 
     </span>
     <span class='ocr_line' id='line_1_32' title="bbox 138 3455 1159 3521; baseline 0.001 -17"><span class='ocrx_word' id='word_1_294' title='bbox 138 3466 176 3504; x_wconf 87' lang='lat' dir='ltr'><strong>tus</strong></span> <span class='ocrx_word' id='word_1_295' title='bbox 191 3456 279 3518; x_wconf 87' lang='lat' dir='ltr'><strong>semel,</strong></span> <span class='ocrx_word' id='word_1_296' title='bbox 305 3458 403 3521; x_wconf 85' lang='lat' dir='ltr'><strong>opinor,</strong></span> <span class='ocrx_word' id='word_1_297' title='bbox 423 3457 449 3502; x_wconf 91' lang='lat' dir='ltr'><strong>in</strong></span> <span class='ocrx_word' id='word_1_298' title='bbox 470 3470 568 3519; x_wconf 88' lang='lat' dir='ltr'><strong>persona</strong></span> <span class='ocrx_word' id='word_1_299' title='bbox 582 3471 629 3501; x_wconf 89' lang='lat' dir='ltr'><strong>ser·</strong></span> <span class='ocrx_word' id='word_1_300' title='bbox 662 3455 703 3502; x_wconf 85' lang='lat' dir='ltr'><strong>dat</strong></span> <span class='ocrx_word' id='word_1_301' title='bbox 713 3470 791 3516; x_wconf 86' lang='lat' dir='ltr'><strong>eques.</strong></span> <span class='ocrx_word' id='word_1_302' title='bbox 801 3455 876 3504; x_wconf 89' lang='lat' dir='ltr'><strong>Hosne</strong></span> <span class='ocrx_word' id='word_1_303' title='bbox 887 3465 913 3503; x_wconf 89' lang='lat' dir='ltr'><strong>tu</strong></span> <span class='ocrx_word' id='word_1_304' title='bbox 927 3456 1023 3504; x_wconf 90' lang='lat' dir='ltr'><strong>stolidos</strong></span> <span class='ocrx_word' id='word_1_305' title='bbox 1032 3467 1079 3505; x_wconf 86' lang='lat' dir='ltr'><strong>tam</strong></span> <span class='ocrx_word' id='word_1_306' title='bbox 1095 3474 1159 3506; x_wconf 83' lang='lat' dir='ltr'><strong>acres</strong></span> 
     </span>
     <span class='ocr_line' id='line_1_33' title="bbox 137 3539 1158 3607; baseline 0 -18"><span class='ocrx_word' id='word_1_307' title='bbox 137 3543 188 3589; x_wconf 84' lang='lat' dir='ltr'><strong>vuli</strong></span> <span class='ocrx_word' id='word_1_308' title='bbox 210 3545 282 3590; x_wconf 87' lang='lat' dir='ltr'><strong>risum</strong></span> <span class='ocrx_word' id='word_1_309' title='bbox 307 3543 438 3607; x_wconf 80' lang='lat' dir='ltr'><strong>captantis,</strong></span> <span class='ocrx_word' id='word_1_310' title='bbox 464 3539 565 3587; x_wconf 84' lang='lat' dir='ltr'><strong>Poenulo</strong></span> <span class='ocrx_word' id='word_1_311' title='bbox 587 3539 629 3600; x_wconf 72' lang='lat' dir='ltr'><strong>IV,</strong></span> <span class='ocrx_word' id='word_1_312' title='bbox 664 3550 687 3587; x_wconf 87' lang='lat' dir='ltr'><strong>et</strong></span> <span class='ocrx_word' id='word_1_313' title='bbox 706 3542 795 3604; x_wconf 88' lang='lat' dir='ltr'><strong>peritos</strong></span> <span class='ocrx_word' id='word_1_314' title='bbox 812 3540 948 3589; x_wconf 85' lang='lat' dir='ltr'><strong>fabularum</strong></span> <span class='ocrx_word' id='word_1_315' title='bbox 961 3541 1051 3589; x_wconf 89' lang='lat' dir='ltr'><strong>iudices</strong></span> <span class='ocrx_word' id='word_1_316' title='bbox 1067 3541 1158 3604; x_wconf 86' lang='lat' dir='ltr'><strong>credis,</strong></span> 
     </span>
     <span class='ocr_line' id='line_1_34' title="bbox 137 3625 1159 3691; baseline 0.003 -19"><span class='ocrx_word' id='word_1_317' title='bbox 137 3640 169 3688; x_wconf 85' lang='lat' dir='ltr'><strong>tt,</strong></span> <span class='ocrx_word' id='word_1_318' title='bbox 184 3629 221 3674; x_wconf 85' lang='lat'><strong>10.</strong></span> <span class='ocrx_word' id='word_1_319' title='bbox 241 3628 347 3685; x_wconf 77' lang='lat' dir='ltr'><strong>Quodvis</strong></span> <span class='ocrx_word' id='word_1_320' title='bbox 358 3641 439 3691; x_wconf 77' lang='lat' dir='ltr'><strong>genus</strong></span> <span class='ocrx_word' id='word_1_321' title='bbox 453 3626 492 3672; x_wconf 84' lang='lat' dir='ltr'><strong>ibi</strong></span> <span class='ocrx_word' id='word_1_322' title='bbox 507 3625 631 3671; x_wconf 79' lang='lat' dir='ltr'><strong>bacinum</strong></span> <span class='ocrx_word' id='word_1_323' title='bbox 663 3627 770 3673; x_wconf 87' lang='lat' dir='ltr'><strong>utrisum</strong></span> <span class='ocrx_word' id='word_1_324' title='bbox 779 3636 876 3691; x_wconf 89' lang='lat' dir='ltr'><strong>repente</strong></span> <span class='ocrx_word' id='word_1_325' title='bbox 888 3627 987 3689; x_wconf 83' lang='lat' dir='ltr'><strong>tollant,</strong></span> <span class='ocrx_word' id='word_1_326' title='bbox 1004 3628 1025 3674; x_wconf 90' lang='lat' dir='ltr'><strong>si</strong></span> <span class='ocrx_word' id='word_1_327' title='bbox 1037 3629 1159 3675; x_wconf 88' lang='lat' dir='ltr'><strong>minimum</strong></span> 
     </span>
     <span class='ocr_line' id='line_1_35' title="bbox 136 3711 1160 3777; baseline 0.003 -19"><span class='ocrx_word' id='word_1_328' title='bbox 136 3712 238 3772; x_wconf 85' lang='lat' dir='ltr'><strong>uideas,</strong></span> <span class='ocrx_word' id='word_1_329' title='bbox 256 3713 328 3773; x_wconf 87' lang='lat' dir='ltr'><strong>quasi</strong></span> <span class='ocrx_word' id='word_1_330' title='bbox 343 3712 505 3761; x_wconf 80' lang='lat' dir='ltr'><strong>Acheruntem</strong></span> <span class='ocrx_word' id='word_1_331' title='bbox 519 3711 615 3757; x_wconf 84' lang='lat' dir='ltr'><strong>acueris</strong></span> <span class='ocrx_word' id='word_1_332' title='bbox 624 3727 632 3756; x_wconf 96' lang='lat'><em>:</em></span> <span class='ocrx_word' id='word_1_333' title='bbox 665 3711 722 3775; x_wconf 83' lang='lat' dir='ltr'><strong>quid</strong></span> <span class='ocrx_word' id='word_1_334' title='bbox 736 3721 816 3760; x_wconf 87' lang='lat' dir='ltr'><strong>eontra</strong></span> <span class='ocrx_word' id='word_1_335' title='bbox 832 3713 864 3760; x_wconf 88' lang='grc' dir='ltr'><strong>τὸ</strong></span> <span class='ocrx_word' id='word_1_336' title='bbox 879 3713 980 3777; x_wconf 76' lang='grc' dir='ltr'><strong><em>πρέπον</em></strong></span> <span class='ocrx_word' id='word_1_337' title='bbox 993 3730 1006 3760; x_wconf 88' lang='lat' dir='ltr'><strong>a</strong></span> <span class='ocrx_word' id='word_1_338' title='bbox 1023 3722 1092 3777; x_wconf 87' lang='lat' dir='ltr'><strong>poeta</strong></span> <span class='ocrx_word' id='word_1_339' title='bbox 1105 3728 1160 3777; x_wconf 88' lang='lat' dir='ltr'><strong>pec·</strong></span> 
     </span>
     <span class='ocr_line' id='line_1_36' title="bbox 137 3791 1160 3860; baseline 0.003 -17"><span class='ocrx_word' id='word_1_340' title='bbox 137 3797 271 3859; x_wconf 82' lang='lat' dir='ltr'><strong>Equitare,</strong></span> <span class='ocrx_word' id='word_1_341' title='bbox 306 3796 431 3860; x_wconf 83' lang='lat' dir='ltr'><strong>peditam,</strong></span> <span class='ocrx_word' id='word_1_342' title='bbox 473 3791 630 3856; x_wconf 82' lang='lat' dir='ltr'><strong>libertinum,</strong></span> <span class='ocrx_word' id='word_1_343' title='bbox 664 3805 742 3844; x_wconf 86' lang='lat' dir='ltr'><strong>catum</strong></span> <span class='ocrx_word' id='word_1_344' title='bbox 758 3798 853 3846; x_wconf 73' lang='lat' dir='ltr'><strong>fuerit?</strong></span> <span class='ocrx_word' id='word_1_345' title='bbox 868 3799 917 3845; x_wconf 92' lang='lat' dir='ltr'><strong>Imo</strong></span> <span class='ocrx_word' id='word_1_346' title='bbox 936 3814 991 3844; x_wconf 82' lang='lat' dir='ltr'><strong>vero</strong></span> <span class='ocrx_word' id='word_1_347' title='bbox 1007 3796 1108 3844; x_wconf 83' lang='lat' dir='ltr'><strong>tidenter</strong></span> <span class='ocrx_word' id='word_1_348' title='bbox 1123 3815 1160 3846; x_wconf 86' lang='lat' dir='ltr'><strong>rc·</strong></span> 
     </span>
     <span class='ocr_line' id='line_1_37' title="bbox 127 3879 1160 3948; baseline 0.003 -20"><span class='ocrx_word' id='word_1_349' title='bbox 127 3883 228 3943; x_wconf 71' lang='lat' dir='ltr'><strong>ferrem,</strong></span> <span class='ocrx_word' id='word_1_350' title='bbox 253 3896 285 3927; x_wconf 89' lang='lat' dir='ltr'><strong>on</strong></span> <span class='ocrx_word' id='word_1_351' title='bbox 301 3881 446 3944; x_wconf 75' lang='lat' dir='ltr'><strong>fugitivum</strong></span> <span class='ocrx_word' id='word_1_352' title='bbox 463 3883 533 3929; x_wconf 85' lang='lat' dir='ltr'><strong>uelis.</strong></span> <span class='ocrx_word' id='word_1_353' title='bbox 567 3879 631 3927; x_wconf 76' lang='lat' dir='ltr'><strong>ruhi]</strong></span> <span class='ocrx_word' id='word_1_354' title='bbox 664 3898 737 3946; x_wconf 86' lang='lat' dir='ltr'><strong>pens,</strong></span> <span class='ocrx_word' id='word_1_355' title='bbox 754 3881 903 3930; x_wconf 88' lang='lat' dir='ltr'><strong>librariorum</strong></span> <span class='ocrx_word' id='word_1_356' title='bbox 920 3882 1007 3948; x_wconf 90' lang='lat' dir='ltr'><strong>populo</strong></span> <span class='ocrx_word' id='word_1_357' title='bbox 1023 3883 1160 3932; x_wconf 83' lang='lat' dir='ltr'><strong>valarsius·</strong></span> 
     </span>
     <span class='ocr_line' id='line_1_38' title="bbox 136 3964 1160 4034; baseline 0.004 -20"><span class='ocrx_word' id='word_1_358' title='bbox 136 3968 211 4031; x_wconf 84' lang='lat' dir='ltr'><strong>igitur</strong></span> <span class='ocrx_word' id='word_1_359' title='bbox 228 3968 272 4014; x_wconf 89' lang='lat' dir='ltr'><strong>iste</strong></span> <span class='ocrx_word' id='word_1_360' title='bbox 290 3964 319 4012; x_wconf 89' lang='lat' dir='ltr'><strong>ad</strong></span> <span class='ocrx_word' id='word_1_361' title='bbox 336 3966 443 4013; x_wconf 85' lang='lat' dir='ltr'><strong>Nostrum</strong></span> <span class='ocrx_word' id='word_1_362' title='bbox 460 3966 535 4028; x_wconf 84' lang='lat' dir='ltr'><strong>facit,</strong></span> <span class='ocrx_word' id='word_1_363' title='bbox 550 3967 592 4030; x_wconf 84' lang='lat' dir='ltr'><strong>qui</strong></span> <span class='ocrx_word' id='word_1_364' title='bbox 608 3975 632 4012; x_wconf 87' lang='lat' dir='ltr'><strong>et</strong></span> <span class='ocrx_word' id='word_1_365' title='bbox 664 3983 702 4029; x_wconf 83' lang='lat' dir='ltr'><strong>so,</strong></span> <span class='ocrx_word' id='word_1_366' title='bbox 725 3969 831 4014; x_wconf 81' lang='lat' dir='ltr'><strong>Iiuaaai</strong></span> <span class='ocrx_word' id='word_1_367' title='bbox 855 3969 942 4014; x_wconf 84' lang='lat' dir='ltr'><strong>tolient</strong></span> <span class='ocrx_word' id='word_1_368' title='bbox 960 3969 1099 4032; x_wconf 85' lang='lat' dir='ltr'><strong>equitesque</strong></span> <span class='ocrx_word' id='word_1_369' title='bbox 1114 3986 1160 4034; x_wconf 84' lang='lat' dir='ltr'><strong>pa·</strong></span> 
     </span>
     <span class='ocr_line' id='line_1_39' title="bbox 136 4050 1159 4119; baseline 0.007 -21"><span class='ocrx_word' id='word_1_370' title='bbox 136 4052 194 4100; x_wconf 84' lang='lat' dir='ltr'><strong>alias</strong></span> <span class='ocrx_word' id='word_1_371' title='bbox 222 4050 324 4107; x_wconf 85' lang='lat' dir='ltr'><strong>verniles</strong></span> <span class='ocrx_word' id='word_1_372' title='bbox 347 4051 445 4098; x_wconf 83' lang='lat' dir='ltr'><strong>facetias</strong></span> <span class='ocrx_word' id='word_1_373' title='bbox 468 4052 574 4115; x_wconf 87' lang='lat' dir='ltr'><strong>spernit,</strong></span> <span class='ocrx_word' id='word_1_374' title='bbox 608 4060 632 4097; x_wconf 85' lang='lat' dir='ltr'><strong>et</strong></span> <span class='ocrx_word' id='word_1_375' title='bbox 666 4059 762 4115; x_wconf 85' lang='lat' dir='ltr'><strong>tresque</strong></span> <span class='ocrx_word' id='word_1_376' title='bbox 785 4053 936 4102; x_wconf 76' lang='lat' dir='ltr'><strong>cachinnum.</strong></span> <span class='ocrx_word' id='word_1_377' title='bbox 958 4054 1013 4117; x_wconf 78' lang='lat' dir='ltr'><strong>Vel,</strong></span> <span class='ocrx_word' id='word_1_378' title='bbox 1035 4056 1056 4102; x_wconf 91' lang='lat' dir='ltr'><strong>si</strong></span> <span class='ocrx_word' id='word_1_379' title='bbox 1074 4059 1159 4119; x_wconf 84' lang='lat' dir='ltr'><strong>mavis,</strong></span> 
     </span>
    </p>
   </div>
   <div class='ocr_carea' id='block_1_8' title="bbox 0 0 1380 4844">
    <p class='ocr_par' dir='ltr' id='par_1_12' title="bbox 0 0 1380 4844">
     <span class='ocr_line' id='line_1_40' title="bbox 0 0 1380 4844; baseline 0 1"><span class='ocrx_word' id='word_1_380' title='bbox 0 0 1380 4844; x_wconf 95' lang='lat' dir='ltr'><strong> </strong></span> 
     </span>
    </p>
   </div>
  </div>
 </body>
</html>
