2752 4844
200 399 240 459 82
463 399 677 460 HORATII
707 399 952 459 EPISTULA

176 636 178 641 v
227 600 378 671 Reddere
403 602 462 694 qui
483 623 581 670 voces
601 601 668 669 iam
693 601 757 669 scit
776 624 863 695 puer
886 610 920 670 ct
945 595 1031 693 pede
1053 608 1145 671 certo

152 804 153 813 γ
197 834 225 872 ut
238 841 285 871 non
295 826 369 888 magis
377 834 473 885 natura,
488 839 558 889 quam
567 825 617 887 ipsc
626 839 695 870 sexus
728 825 761 870 sic
778 839 858 869 versus
874 839 973 887 repone:
993 824 1096 872 Aetatis
1111 824 1228 884 cuiusque

196 911 229 957 sit
242 908 344 957 mobilis.
362 909 457 956 Infinita
470 918 525 966 sunt
542 906 606 972 apud
619 907 698 954 Philo·
729 909 834 954 notandi
845 916 905 955 suut
919 910 969 955 tibi
979 924 1057 956 mores
1062 930 1073 968 ,-
1084 899 1229 956 Mobilibus-

198 993 298 1058 sophos,
320 993 453 1043 Ciceronem
468 995 626 1058 praesertim,
649 992 697 1040 huc
730 1008 773 1055 que
794 993 878 1054 dacor,
898 996 1007 1040 maturis
1031 994 1126 1042 111111
1146 1001 1172 1041 ct
1187 1008 1230 1040 aa·

197 1080 324 1137 facientia3
348 1079 410 1126 unde
432 1081 492 1127 scias
506 1087 603 1126 naturas
620 1087 645 1125 et
661 1079 698 1126 in·
730 1080 779 1147 uis.
798 1079 911 1126 Matusis
925 1081 1014 1140 anuis,
1031 1078 1076 1126 hoc
1091 1088 1139 1140 est,
1154 1080 1230 1126 senio-

196 1166 266 1230 genia
282 1182 325 1230 per
341 1174 414 1213 totam
431 1167 503 1212 sitam
520 1180 629 1224 manere,
647 1172 696 1211 stu·
728 1180 794 1226 rum,
808 1165 952 1225 mobilibus,
965 1163 1010 1212 hoc
1025 1174 1074 1226 est,
1088 1167 1229 1224 iuniorum,

196 1250 235 1298 dia
251 1261 276 1298 et
292 1250 435 1315 cupiditates
452 1267 494 1314 pro
508 1259 586 1296 aetate
595 1250 694 1296 variare.
729 1250 777 1296 suis
790 1248 924 1314 quibusque
936 1249 1019 1312 decor,
1031 1249 1172 1298 tribuendus
1180 1261 1228 1298 est:

193 1336 308 1399 Quorsum
331 1336 407 1398 igitur
427 1334 542 1382 Naturae
566 1332 607 1381 hic
632 1333 695 1397 apud
728 1333 791 1399 quod
802 1334 916 1399 quomodo
924 1337 981 1398 fiat,
996 1352 1039 1399 per
1049 1336 1155 1400 singulos
1164 1346 1230 1383 aeta·

194 1409 317 1481 Nostrum,
332 1418 375 1466 ubi
391 1421 466 1468 varios
480 1429 572 1467 tantum
586 1427 697 1466 aetatum
729 1429 780 1466 tum
805 1420 890 1485 gradus
915 1422 968 1469 fuse
992 1439 1047 1470 mox
1068 1423 1228 1486 persequitur.

192 1521 274 1554 mares
283 1506 465 1554 commemorat?
479 1504 609 1569 Phidippus
623 1522 694 1553 senex
727 1486 840 1568 Maturi,
860 1508 971 1571 inquam,
996 1509 1054 1555 anni
1066 1516 1122 1555 sunt
1137 1508 1230 1554 seniles

190 1590 386 1658 ’Τ111111Η1111Ι
402 1591 437 1653 11,
456 1595 480 1638 2.
496 1591 577 1640 Aliud
582 1591 697 1650 fortasse
730 1601 754 1638 et
771 1593 867 1639 uiriles.
884 1592 967 1639 Noster
983 1609 1054 1658 supra
1066 1609 1088 1641 v.
1102 1594 1156 1639 115.
1174 1594 1231 1639 Μα·

194 1679 245 1725 alii
261 1678 324 1724 uitii
340 1683 392 1724 est:
417 1691 460 1740 ego
476 1693 530 1723 sum
546 1677 629 1724 auimo
644 1678 696 1724 leui
730 1684 927 1740 tumsueseuea,
942 1694 974 1724 uu
988 1679 1230 1741 adbuefloreutciu-

193 1770 283 1810 uatus:
301 1763 359 1811 Nou
369 1764 612 1826 111111111111111111Ι
625 1764 696 1809 meis.
730 1770 804 1809 venta
817 1764 946 1811 Feraidus.
960 1773 984 1811 ct
996 1763 1069 1812 Garm.
1084 1764 1124 1826 ll,
1138 1765 1162 1812 4.
1176 1765 1230 1812 Na-

193 1847 297 1914 Antipho
319 1846 468 1910 adolescens,
493 1847 607 1895 demissus
624 1859 649 1895 et
665 1848 696 1894 ti·
729 1855 812 1910 tesque
843 1856 997 1911 maturosque
1017 1857 1114 1913 putres.
1144 1850 1229 1915 Virgilr

192 1934 279 1982 midus.
297 1933 388 1982 Phorm.
403 1934 428 1996 l,
445 1936 469 1981 4.
488 1934 545 1982 Nau
560 1949 615 1980 sucu
630 1933 697 1995 apud
727 1931 824 1979 Aeneid.
841 1932 873 1994 V,
888 1935 927 1982 73.
948 1935 999 1982 IIoc
1016 1936 1134 1999 Helymus
1141 1936 1228 1997 facit,

193 2034 239 2067 me.
254 2020 311 2067 Nou
316 2035 418 2082 possum
427 2020 593 2066 immutarier.
603 2019 634 2065 Ea
642 2016 696 2064 Phi·
729 2019 837 2065 tocacei
851 2026 965 2066 maturus
980 2020 1090 2070 Acestes.
1107 2020 1229 2070 0111111-

190 2102 265 2170 dippo
290 2104 393 2166 lenitas,
415 2104 557 2169 Antiphonti
579 2101 695 2151 timiditas
726 2103 920 2166 tam.v111‚617.
940 2107 1229 2156 Lelcaauimomaturus

162 2219 166 2230 ι
193 2207 207 2238 a
232 2197 324 2238 matura
348 2200 406 2238 eret.
431 2191 466 2238 An
491 2200 518 2237 tu
544 2206 623 2237 omnes
642 2187 695 2236 ideo
728 2191 966 2252 itaciuxlvmlt.
982 2193 1229 2241 Iiemulasmatuiior

193 2292 261 2324 senes
282 2276 308 2323 in
329 2293 422 2324 scenam
443 2275 566 2323 induxeris
587 2277 654 2322 leues
670 2284 695 2322 ct
726 2276 1226 2343 auuis.XV‚210.EampitAuctamuus,

191 2360 367 2426 obsequentes?
387 2364 484 2409 iuvenes
501 2371 594 2421 autem,
617 2361 695 2407 mode-
722 2363 806 2424 posito
811 2362 913 2421 feruore
926 2365 1042 2412 iuuentae
1049 2367 1169 2413 Maturus
1180 2368 1228 2412 mi-

193 2455 245 2496 stos
262 2457 287 2496 et
300 2447 467 2494 meticulosos?
484 2446 532 2492 Imo
546 2445 590 2492 hoc
606 2446 692 2508 ipsein
725 2447 820 2508 tisque,
836 2448 905 2492 iuter
920 2450 1077 2512 iicacaemque
1092 2465 1227 2512 senecaque.

192 2532 245 2580 loco
266 2532 385 2596 praecipit
405 2530 502 2592 Noster,
512 2521 513 2524 Ἴ
522 2539 550 2576 nt
566 2529 694 2593 dffeiles,
727 2530 821 2579 Tacitus
836 2532 919 2579 Annal.
929 2534 954 2594 l,
966 2534 990 2581 4.
1010 2536 1137 2582 Tiberium
1149 2536 1228 2583 Nero·

192 2618 290 2682 queruli
314 2615 458 2664 inducantur
483 2632 564 2677 senes,
597 2618 694 2664 iuvenes
726 2631 796 2678 uem,
826 2624 951 2673 matarum
971 2621 1063 2682 aunis,
1091 2629 1228 2685 spectatum

193 2713 273 2752 autem
304 2704 437 2765 subtimes,
467 2701 565 2766 cupidi,
595 2703 695 2750 feroces.
729 2703 797 2750 bello.
819 2702 857 2750 Sic
872 2711 971 2752 mattae
987 2713 1073 2768 aetas,
1090 2710 1229 2755 cauturitas

191 2787 299 2838 Ostendit
314 2787 436 2853 Antipho,
458 2790 493 2836 ait
508 2789 628 2850 Donatus,
650 2804 694 2834 ua-
725 2789 838 2851 aetatis,
860 2797 960 2837 matura
980 2799 1108 2856 scueams,
1131 2795 1226 2859 passim.

192 2883 264 2924 turae
280 2891 336 2923 suae
351 2873 504 2923 timiditatem
520 2872 594 2921 nullis
610 2872 694 2920 adhor-
726 2872 805 2922 Cicero
822 2872 851 2921 de
867 2874 994 2924 Senectute
1013 2894 1033 2927 c.
1050 2879 1088 2927 10.
1108 2881 1160 2928 Sua
1176 2882 1227 2928 cui·

190 2959 324 3009 titionibus
337 2961 393 3008 eiici
404 2977 479 3024 posse.
490 2959 559 3007 Vides
571 2960 619 3006 iam
628 2958 695 3006 aliud
726 2975 772 3022 que
782 2962 858 3024 parti
872 2964 968 3009 aetatis
990 2967 1174 3027 tempestivitas
1190 2973 1228 3013 est

167 3064 169 3069 ·
192 3063 241 3095 esse
258 3037 344 3094 vitium
361 3048 472 3108 aetatis,
491 3043 557 3093 uliud
574 3051 692 3091 naturae:
723 3045 799 3105 data5
813 3053 844 3092 ut
854 3053 880 3093 et
893 3048 1032 3107 iufirmitas
1040 3066 1187 3113 puerorum,
1202 3059 1228 3098 et

190 3142 216 3180 et
232 3143 281 3180 tam
298 3131 358 3179 falso
371 3139 477 3178 naturas
492 3132 592 3178 mobiles
604 3127 644 3176 hic
658 3126 693 3176 di·
717 3129 844 3189 secocitas
858 3133 987 3196 iuuenum,
1006 3143 1031 3182 et
1040 3138 1160 3200 gravitas
1175 3139 1227 3183 iam

190 3220 226 3281 ci,
241 3234 312 3282 quam
327 3219 408 3282 inepte
425 3233 479 3264 cum
492 3218 567 3264 anuis
582 3223 607 3262 et
623 3221 691 3262 aeta·
723 3215 863 3262 constantis
886 3220 998 3280 aetatis,
1037 3228 1063 3266 et
1088 3223 1227 3268 senectutis

190 3312 246 3352 tum
265 3304 374 3351 moribus
397 3303 517 3367 coniungi.
544 3303 572 3349 Et
593 3301 691 3349 sensisse
723 3301 861 3348 maturitas
873 3305 987 3351 maauaie
1000 3305 1116 3366 quiddam
1126 3306 1240 3367 babeat,

189 3388 286 3456 quidem
299 3387 357 3437 haec
370 3387 517 3436 incommoda
529 3385 642 3434 videntur
655 3402 691 3434 11-
723 3386 786 3448 quod
809 3402 852 3434 suo
878 3394 983 3452 tempore
1004 3392 1106 3453 percepi
1132 3391 1225 3440 debeat.

188 3477 295 3541 gaciores
317 3476 488 3540 interpretum
512 3471 568 3520 dnm
589 3471 691 3520 sollicite
725 3469 769 3520 Ubi
796 3470 874 3520 obiter
906 3485 962 3523 nota
991 3475 1055 3524 illud
1086 3480 1227 3525 cmstaiitis

189 3569 308 3626 quaerunt
323 3569 347 3607 ct
360 3558 515 3625 respondent,
528 3557 586 3623 qnid
596 3556 636 3605 hic
650 3572 693 3604 11-
710 3560 835 3620 -aetatis;
861 3569 888 3606 ut
911 3570 935 3609 et
951 3561 1015 3609 infra
1032 3578 1083 3627 cup.
1096 3565 1137 3612 20.
1160 3565 1227 3612 Sunt

190 3653 261 3694 turae
277 3644 415 3693 sibivelint.
432 3639 640 3691 trecassenus
655 3643 691 3689 ita
724 3649 750 3688 et
778 3645 893 3692 ineuntis
920 3647 1097 3694 adoiesceutiae
1123 3651 1226 3710 studia,-

189 3731 258 3780 nulla
271 3731 312 3779 bic
325 3729 468 3778 difficultate
482 3727 586 3774 offensus
601 3735 650 3789 est,
665 3736 694 3774 nt
724 3744 784 3775 uum
797 3745 825 3776 ea
836 3738 951 3778 caestius
963 3733 1015 3779 iam
1025 3735 1135 3796 requirit
1142 3743 1225 3798 aetas,

191 3818 278 3864 bellum
298 3831 352 3864 essa
372 3830 469 3863 1111111
492 3811 622 3876 exclamet,
649 3828 692 3859 aa·
724 3829 784 3876 quae
796 3816 878 3863 maiia
887 3815 1005 3866 dicimur?
1018 3820 1085 3867 Suut
1096 3824 1174 3869 etiam
1183 3825 1226 3871 liu-

191 3908 263 3948 turas
278 3911 358 3950 autem
375 3899 415 3949 hic
432 3917 480 3948 esse
497 3906 600 3948 aetates.
625 3898 692 3946 Belle
724 3901 767 3948 ius
782 3903 890 3949 aetatis:
906 3918 936 3950 ne
952 3919 981 3951 ea
994 3907 1092 3968 quidam
1108 3923 1226 3970 quaerun-
1309 3913 1314 3969 j

191 4001 260 4034 sane:
286 3995 316 4033 tu
332 3996 424 4048 tamen,
450 3987 470 4032 si
487 4003 524 4033 me
541 3984 626 4046 andis,
646 3982 691 4031 hoe
709 3992 768 4050 „tur
786 3977 802 4033 a
817 3995 948 4037 senectute.
974 3990 1030 4039 Inde
1049 3995 1111 4041 enim
1136 3993 1224 4055 discm,

157 4069 168 4079 ⁴
189 4070 280 4119 bellum
299 4069 437 4120 admiratori
456 4088 498 4119 suo
517 4054 643 4135 relinque,
670 4079 694 4116 et
726 4085 786 4134 quae
811 4081 836 4120 et
860 4074 1011 4138 quamobrem
1033 4081 1131 4126 mobilis
1154 4086 1225 4125 aetas
