2752 4844
526 373 587 433 An
618 371 833 431 PISONES.
1127 368 1185 429 155

18 628 21 635 .
88 580 90 589 '
153 609 156 621 ·
201 575 259 644 Vir
278 573 389 643 bonus
409 581 443 643 et
462 571 611 666 prudens
628 594 742 642 versus
759 571 980 667 reprehendet
989 573 1129 662 inertes,

170 809 298 861 excavato,
324 799 380 846 vitis
403 806 427 846 et
448 795 517 844 edera
538 795 599 844 caeli
615 804 666 844 arte
698 797 801 844 Ferrum
823 796 920 843 torreri
941 796 1057 845 solitum:
1083 805 1109 844 at
1129 811 1189 845 nun·

168 883 395 951 superaddebantur.
417 883 511 930 Frustra
527 891 599 943 sunt,
621 882 664 946 qui
696 897 766 946 quam
787 882 927 929 usuvenire
948 890 1039 947 potest,
1055 891 1083 930 ut
1099 882 1189 930 serrum

167 970 240 1018 aliam
253 969 473 1039 interpretationem
485 966 525 1016 bic
538 976 663 1031 quaerunt.
698 975 817 1015 tornatum
828 965 858 1015 ad
870 965 979 1016 incudem
986 966 1140 1016 revocandum
1148 969 1189 1017 sit.

167 1055 229 1119 Quid
246 1056 320 1120 ergo?
335 1054 396 1101 Num
411 1062 453 1101 aut
465 1052 546 1118 lignea
558 1053 662 1100 vitreave
695 1052 787 1116 Quippe
810 1059 895 1100 torreor
910 1052 1004 1113 sociiis
1023 1061 1072 1116 est,
1092 1063 1121 1101 ut
1141 1055 1190 1102 iarn

167 1139 269 1206 pocula,
286 1149 329 1188 aut
345 1138 465 1187 columnae
481 1136 604 1202 lapideae,
620 1147 663 1185 aut
695 1136 758 1202 apud
765 1137 888 1202 Virgilium
896 1136 1034 1200 babuimus,
1048 1140 1190 1197 instrumen-

167 1224 248 1275 hastae
271 1228 387 1274 coriaceae
408 1221 535 1273 incudibus
550 1221 664 1288 paraban·
696 1232 747 1271 tum
762 1224 866 1271 omnium
884 1224 1052 1286 certissimum,
1074 1224 1137 1290 quod
1152 1225 1189 1291 ip-

168 1313 225 1362 turi
240 1313 275 1360 An
290 1313 336 1360 iam
353 1310 448 1359 tandem
462 1310 549 1357 sentire
563 1310 662 1374 incipis,
695 1309 743 1357 sins
767 1309 869 1358 turbinis
891 1312 983 1358 ratione
1006 1327 1098 1376 semper
1121 1320 1189 1376 paret

167 1399 279 1446 diversae
289 1399 366 1462 plures
382 1411 434 1444 esse
448 1411 502 1458 res,
521 1397 626 1443 Teiorum
640 1403 664 1443 et
696 1395 797 1457 artifici,
812 1394 875 1443 nulli
889 1396 962 1444 errori
973 1394 1109 1444 obnoxium.
1125 1397 1188 1445 Nun·

166 1479 301 1533 smitam?
320 1482 378 1531 Nam
398 1481 475 1529 suavis
495 1496 550 1529 sane
567 1488 602 1528 est
618 1480 663 1528 Ila·
694 1495 765 1546 quam
779 1481 854 1545 igitur
866 1497 881 1528 a
894 1489 961 1530 torno
975 1490 1000 1529 et
1013 1480 1190 1530 tmbinibusad

167 1570 265 1628 cierius;
281 1569 323 1637 qui
334 1567 388 1616 ideo
402 1573 500 1641 tornum
512 1564 542 1613 ad
553 1564 662 1615 incudem
695 1564 804 1614 incudem
825 1567 913 1614 reverti
936 1583 994 1631 opus
1016 1577 1082 1624 erat;
1098 1570 1133 1616 'ut
1149 1568 1189 1617 vel

167 1664 192 1704 et
212 1644 282 1703 folles
300 1655 419 1719 pertinere
438 1650 576 1714 contendit,
599 1650 662 1717 quod
693 1650 814 1699 fabrorum
822 1652 903 1716 pueris
910 1653 982 1699 risum
991 1650 1088 1700 deberet
1097 1653 1188 1716 Noster,

165 1741 301 1806 Propertius
310 1738 361 1787 loco
369 1736 432 1786 dicto
442 1740 548 1786 Tereum
557 1745 581 1785 et
589 1738 663 1800 Ignes
695 1737 715 1784 si
732 1753 761 1784 ex
776 1752 856 1785 eorum
865 1735 958 1785 officina
966 1746 1014 1786 tam
1030 1754 1100 1802 prave
1112 1747 1137 1786 et
1144 1740 1188 1786 im·

165 1826 304 1890 coniungit,
329 1825 423 1872 Desine
442 1823 552 1872 Achilleo
569 1838 661 1888 compo-
692 1823 769 1887 perite
782 1821 961 1872 similitudinem
975 1823 1089 1872 traheret.
1103 1823 1189 1888 Quodsi

165 1925 224 1959 nere
239 1911 310 1959 amba
323 1911 452 1970 rothomo,
468 1909 575 1971 Decius,
591 1908 663 1957 etad
693 1908 795 1956 alterum
818 1909 865 1956 ianr
893 1908 998 1972 malunt,
1023 1919 1051 1957 ut
1076 1917 1190 1958 temtatur

165 1998 249 2046 molles
260 1997 365 2044 numdra
375 1996 466 2044 resolve
475 1996 565 2044 eborea.
576 1995 661 2059 Incipe
693 1993 756 2043 idem
780 1994 855 2042 fuerit
875 2010 903 2042 ac
918 1995 1042 2059 eeulprrtue,
1063 1998 1190 2045 encletice:

164 2084 218 2131 iem
231 2089 337 2148 angusto
349 2096 435 2130 mares
446 2081 570 2129 includere
581 2086 663 2128 immo:
695 2081 748 2146 pari
770 2080 809 2129 vel
832 2081 918 2129 maiore
939 2082 1019 2146 potius
1045 2082 1190 2131 incommodo

166 2171 242 2232 Inquee
259 2175 314 2216 tuoe
329 2169 416 2231 igere&
425 2166 485 2214 dure
495 2173 584 2230 poeta,
599 2167 663 2212 veni.
696 2164 870 2214 metabuntur.
886 2167 940 2215 Ain‘
956 2169 1001 2217 tui
1016 2169 1080 2216 'lune
1096 2186 1191 2234 praece-

167 2252 212 2301 Ubi
227 2255 257 2300 e'n
271 2259 325 2300 tuoe
336 2253 411 2316 ignee
423 2251 481 2298 oeni
493 2250 664 2315 interpretatur
695 2250 759 2314 peris
771 2250 891 2316 Polycleto
907 2262 949 2301 aut
960 2253 1080 2320 Pyrgoteli
1094 2254 1189 2321 vellly-

167 2340 278 2388 dimitte
300 2345 355 2386 tuos
376 2351 462 2384 wreus
483 2337 512 2383 e'n
520 2335 661 2397 fornacem,
695 2337 748 2384 roni
763 2345 806 2384 aut
821 2336 921 2385 Mentori
936 2346 976 2400 nt,
991 2340 1011 2386 si
1027 2339 1085 2404 quid
1100 2341 1130 2388 iia
1145 2339 1189 2389 sub

165 2432 197 2474 ut
215 2424 338 2472 molliores
356 2422 414 2470 inde
430 2427 526 2470 cesant.
550 2419 664 2485 Obstupe-
695 2436 767 2469 manu
778 2437 826 2469 non
844 2420 873 2470 ad
889 2432 970 2471 votum
985 2427 1136 2490 successerit,
1153 2428 1190 2476 iu-

165 2510 220 2558 bam
245 2506 370 2574 equidem,
396 2523 451 2556 cum
475 2504 534 2554 baec
558 2507 660 2571 primum
693 2505 998 2572 endireddereturiQnid‚
1012 2510 1114 2575 malum,
1128 2513 1190 2562 ml.

165 2596 277 2662 legerem.
291 2593 596 2659 Qnisenimnescitignee
608 2608 661 2657 per·
693 2590 802 2657 ptoribus
822 2608 875 2641 cum
891 2594 994 2645 incude?
1010 2612 1109 2662 qnorum
1129 2615 1189 2665 opus

165 2680 221 2730 inde
238 2696 287 2729 esse
302 2696 330 2728 ac
343 2679 457 2740 Amores,
474 2678 594 2727 notissima
605 2693 661 2742 poe·
692 2678 816 2725 materiam
828 2677 887 2727 licet
908 2681 1048 2729 carissimam
1067 2682 1138 2749 longo
1153 2687 1190 2734 in·

166 2767 198 2814 tis
212 2766 306 2831 figura,
322 2773 351 2812 nt
365 2766 438 2812 Meas
449 2763 659 2828 ignisAmyntae.
693 2761 793 2810 tervallo
801 2763 935 2828 superabat.
949 2766 1087 2833 ltsiopus,
1096 2771 1184 2835 inquis,

167 2851 285 2916 Praecipit
300 2851 375 2916 igitur
387 2849 497 2915 Lynceo,
513 2858 597 2913 poetue
610 2849 664 2913 Epi·
695 2847 757 2896 male
770 2850 879 2911 cesserit,
896 2849 980 2916 quidni
994 2852 1075 2901 incudi
1090 2857 1190 2906 materia

166 2952 211 2998 co,
236 2937 279 3000 qui
302 2937 328 2983 in
351 2950 453 2982 amorem
476 2949 552 2998 nuper
575 2932 665 2982 incide-
696 2932 826 2983 reddatur?
840 2934 987 2985 Gemmamne
1000 2936 1079 2986 reddis
1094 2949 1137 2988 aut
1152 2957 1190 2989 ar-

166 3030 222 3084 rat,
244 3030 290 3084 nt,
314 3019 398 3068 relicto
422 3019 517 3067 heroico
533 3027 558 3068 et
582 3017 667 3089 grandi
697 3030 795 3084 gentum
811 3019 971 3070 incudii'imo
987 3023 1128 3073 ferrumvel
1141 3042 1191 3077 aes.

166 3107 284 3169 carmine,
300 3107 383 3154 eborae
404 3114 429 3153 et
445 3119 538 3152 umores
558 3104 662 3169 angustia
695 3104 812 3168 Quantum
833 3121 889 3153 vero
912 3105 1025 3156 lucellum
1047 3111 1073 3158 in
1096 3112 1191 3162 tantula

165 3192 244 3259 Elegis
267 3190 363 3241 scribat.
396 3189 457 3254 Quid
481 3189 526 3238 boc
548 3189 607 3238 facit
630 3187 661 3237 ad
693 3191 881 3239 aeriamateriai
897 3192 946 3255 Qua
962 3202 1010 3242 tarn
1023 3196 1105 3261 inepta
1118 3199 1192 3262 parsi-

158 3275 306 3341 foruocem?
329 3278 402 3325 Immo
417 3292 489 3338 vero,
506 3285 534 3324 ut
550 3273 662 3324 conceda·
694 3276 786 3339 monia,
811 3291 870 3342 quae
892 3280 1005 3344 exignum
1026 3266 1132 3346 sigillum
1151 3284 1190 3332 vel

168 3381 219 3414 mus
231 3364 295 3427 illis,
313 3372 337 3410 et
349 3369 445 3410 tomam
454 3358 589 3410 fabricando
598 3360 661 3409 ferro
694 3360 808 3410 annulum
822 3362 898 3412 denuo
915 3364 1070 3417 conflaverit?
1081 3370 1109 3416 In
1122 3371 1190 3418 tenui

166 3450 224 3498 olim
247 3449 394 3510 inserviisse,
419 3456 444 3495 et
459 3446 596 3513 reperisse
614 3453 663 3494 tor-
694 3446 745 3495 illis
757 3446 824 3496 labor
837 3460 900 3499 erat:
918 3460 943 3499 et
958 3452 1133 3502 infelicissimus
1143 3470 1191 3502 om·

166 3533 305 3584 nereidem
326 3549 375 3582 esse
390 3547 558 3598 nonnunquam
571 3548 598 3582 ae
613 3550 662 3582 το-
693 3535 760 3580 nium
783 3535 871 3583 artifex
897 3537 984 3601 suerit,
1007 3540 1045 3587 cni
1065 3538 1104 3586 rel
1122 3538 1191 3589 aber·

167 3620 257 3687 periris
278 3622 384 3684 castore,
413 3619 537 3683 scobem
562 3634 661 3683 quorum
694 3621 768 3667 rantis
784 3636 866 3669 manns
881 3630 929 3670 tam
949 3624 1064 3673 incassum
1077 3623 1190 3674 ceciderit

167 3705 230 3755 illud
256 3705 390 3756 inauditum
417 3713 470 3766 est,
494 3702 539 3752 hoc
564 3704 661 3753 falsum:
694 3720 766 3770 opus,
788 3714 816 3754 ut
837 3705 899 3754 nibil
915 3724 1009 3772 prorsus
1024 3707 1101 3757 nudae
1117 3719 1192 3759 mats-

169 3808 289 3857 nunqnam
297 3801 375 3840 tamen
384 3789 488 3839 efficient
497 3827 504 3852 ,
513 3799 664 3855 rectumpro·
695 3791 744 3839 riae
763 3792 835 3855 pretii
851 3791 980 3841 accederet.
1002 3793 1094 3842 Stultus
1109 3796 1191 3864 itaque

168 3877 272 3943 bumqne
297 3893 360 3939 esee,
378 3875 441 3942 quod
457 3878 483 3924 in
498 3875 579 3924 Flacco
603 3893 665 3924 nune
698 3879 743 3938 sit,
758 3877 954 3942 quisculptorem
968 3877 1014 3926 sibi
1027 3896 1110 3944 parum
1123 3884 1191 3932 satis-

168 3962 299 4025 hebemus,
336 3963 403 4010 Male
436 3969 546 4010 terrentes
576 3962 662 4011 incude*
694 3963 821 4010 facientem
845 3961 875 4010 ad
898 3963 969 4012 tolles
989 3975 1014 4013 et
1029 3966 1138 4018 incudem
1155 3972 1190 4020 ire

168 4051 299 4101 reddendos
320 4063 380 4097 esee.
398 4048 456 4098 Nam
468 4050 489 4096 si
501 4047 528 4096 id
543 4050 661 4114 accipiunt
693 4046 788 4108 iubeat;
806 4050 944 4113 praesertim
961 4067 1014 4101 cum
1031 4069 1059 4102 ea
1072 4052 1135 4104 demi
1153 4057 1190 4105 in·
