2752 4844
518 384 578 444 AD
609 383 833 457 PISONES.
1145 382 1185 442 45

189 585 361 657 Interdum
386 554 499 654 taimen
524 591 558 654 et
582 608 698 654 vocem
723 584 892 654 comoedia
913 585 1023 675 tollit,

188 705 365 798 lratusque
389 704 545 774 Chremes
569 704 700 772 tumido
725 702 876 796 delitigat
900 727 976 790 ore3

187 824 228 894 Et
254 826 401 917 tragicus
423 823 627 917 plerumque
651 822 743 892 dolet
768 845 918 892 sermone
942 821 1098 916 pedestri.

188 941 358 1037 Telephus
372 951 405 1012 et
422 942 559 1031 Peleus,
577 965 684 1033 quum
697 949 872 1034 pauperet
887 941 980 1010 exsul
993 950 1150 1032 uterque,

156 1144 180 1206 1,
197 1157 225 1205 v,
238 1145 278 1191 28.
301 1145 365 1191 lama
381 1150 419 1190 ast
435 1151 461 1190 et
472 1143 590 1206 plurilus
603 1158 654 1190 um·
686 1141 803 1207 gligitur,
824 1151 848 1188 ct
869 1140 990 1189 Comoedia
1006 1158 1085 1188 vocem
1102 1142 1180 1199 toltit,-

157 1230 217 1277 lris.
231 1229 305 1276 Semel
320 1228 481 1276 addiditsuus
494 1228 566 1276 Serm.
581 1229 650 1290 l‚1x‚
684 1245 711 1275 ac
728 1237 792 1275 recte
810 1226 920 1291 quidem,
941 1228 961 1273 si
977 1226 1084 1274 Chremes
1106 1227 1183 1292 loqui·

156 1315 196 1363 51.
211 1315 299 1361 Ditiar
312 1315 365 1375 lie,
380 1314 652 1376 autestquiadaetior‚
687 1322 726 1359 tur
743 1313 825 1360 iratus.

105 1405 107 1409 ’
158 1408 196 1448 est
210 1402 274 1447 lacus
290 1401 337 1446 arri
354 1401 445 1464 Cuique
461 1416 527 1447 suus.
546 1401 574 1446 Ut
584 1415 652 1446 nemo
718 1398 753 1445 Et
772 1401 893 1462 Tragicos
903 1401 1043 1462 plerumque
1057 1400 1122 1446 dalet
1135 1413 1186 1445 eer-

155 1487 236 1534 latine
253 1485 343 1533 diceret
359 1494 397 1533 est
412 1502 472 1533 suus
487 1486 573 1548 cuique
589 1487 655 1531 loeus
686 1500 753 1531 rrrarre
760 1485 881 1547 pea'estri.
896 1483 1016 1531 Comoedia
1027 1494 1050 1531 et
1061 1485 1186 1532 interdum

119 1567 130 1583 ⁸
155 1571 252 1634 means,
270 1573 359 1618 itanee
372 1571 397 1618 in
410 1587 495 1632 versu,
521 1586 591 1635 quern
607 1580 653 1617 tra·
687 1571 755 1616 tollit
770 1596 803 1604 —
817 1579 841 1616 et
853 1569 980 1632 Tragoedia
992 1571 1135 1632 plerumque
1146 1571 1186 1617 da·

154 1668 258 1718 stamus,
272 1658 384 1704 decenter
398 1657 437 1704 rel
446 1658 567 1704 decentem
575 1655 654 1720 requi·
686 1657 732 1716 let,
756 1652 802 1701 sihi
823 1655 924 1700 invicem
946 1656 1069 1702 manifeste
1092 1672 1186 1718 respon-

154 1745 223 1791 ritur.
242 1741 287 1790 Sed
303 1742 365 1789 idem
379 1741 441 1789 illud
457 1743 568 1789 decenter
581 1742 606 1787 in
619 1739 653 1787 al·
686 1739 754 1797 dent;
780 1738 823 1788 hoe
844 1738 935 1786 iudicat
959 1738 1047 1804 duplex
1073 1747 1112 1801 et,
1137 1739 1183 1787 hoc

155 1838 206 1876 tera
230 1838 297 1892 parte
314 1828 458 1889 sententiae,
484 1844 544 1892 quac
562 1836 655 1873 estex-
687 1836 738 1887 est‚·
746 1842 792 1872 non
800 1824 867 1872 modo
876 1824 1010 1887 Comoedia,
1023 1843 1102 1872 verum
1115 1827 1185 1872 etiarn

155 1914 233 1977 ceptio
246 1930 259 1960 a
273 1912 389 1959 communi
403 1913 498 1977 regula,
513 1913 650 1977 requiritur.
684 1910 819 1976 Tragoedia.
844 1912 988 1973 Plerumque
1008 1928 1077 1975 saepe
1095 1913 1185 1975 signifi·

155 1999 265 2046 Posuerat
288 1999 409 2045 lloratius:
435 2015 472 2045 res
495 1998 582 2045 comica
604 2014 650 2044 non
684 2006 722 2044 cat
739 1997 789 2044 sere
803 1996 866 2044 idem
883 1995 946 2061 quod
960 1998 1092 2045 interdurn.
1111 1998 1185 2062 Nega-

154 2084 207 2132 rult
222 2084 308 2148 exponi
321 2083 426 2130 versibus
441 2083 548 2146 tragicis,
564 2083 653 2146 tragica
686 2083 720 2128 vit
738 2081 781 2128 hoc
799 2081 894 2145 quidem
914 2083 1034 2130 Bentleius
1048 2083 1077 2130 ad
1093 2084 1185 2130 lloratii

154 2186 201 2217 non
225 2169 331 2223 comicis;
356 2167 400 2214 hoc
425 2178 474 2228 est,
497 2166 559 2230 quod
575 2167 653 2213 Cicero
685 2147 757 2214 Caim.
777 2167 800 2228 l,
815 2180 888 2228 xxxv,
906 2170 934 2214 6:
958 2169 998 2215 sed
1015 2179 1077 2216 recte
1095 2171 1186 2217 reluta·

156 2253 184 2301 de
206 2254 297 2317 Optimo
319 2269 404 2316 genere
420 2253 482 2299 Orat.
498 2255 525 2312 1,
541 2252 651 2314 scripsit:
685 2260 723 2298 tus
744 2260 778 2297 est
801 2268 815 2298 a
839 2251 944 2298 Walchio
967 2252 995 2299 ad
1016 2254 1091 2300 Taciti
1107 2255 1184 2318 Agric.

132 2370 136 2380 ·
155 2343 187 2389 tn
202 2339 339 2403 Tragoedia
351 2339 465 2385 cornicum
474 2338 592 2384 vitiosum
601 2343 652 2397 ast,
686 2353 740 2400 pag.
748 2338 806 2402 ‚tas
822 2337 966 2399 Plerumque
980 2347 1069 2399 temen,
1085 2348 1112 2385 ut
1123 2337 1186 2386 idem

155 2427 184 2472 iu
198 2424 324 2471 Carneadia
347 2439 440 2487 semper
457 2425 589 2486 tragicum.
615 2422 656 2468 llis
689 2419 748 2468 hene
771 2420 892 2482 observat,
919 2421 992 2470 habet
1016 2425 1063 2470 vim
1085 2426 1191 2488 positive,

154 2511 252 2576 positis,
278 2509 401 2574 subiungit
418 2491 603 2573 exceptionemi
616 2508 652 2554 in·
685 2508 764 2570 aucti;
783 2524 838 2572 ergo
851 2507 904 2572 plus
919 2518 953 2555 est
967 2526 1036 2574 quam
1050 2512 1184 2561 interdum.

155 2595 248 2643 tardum
267 2606 345 2643 temen
359 2595 437 2643 iratus
452 2594 561 2641 Chremes
576 2594 653 2641 utitur
686 2592 798 2657 Equidem
815 2592 917 2640 hicnon
934 2611 984 2642 amo
1001 2598 1129 2660 repetitum
1145 2596 1185 2645 ad·

155 2698 259 2729 sermone
279 2683 382 2745 tragico,
406 2680 524 2745 Telephus
546 2679 612 2727 exsul
630 2688 653 2725 et
685 2677 809 2740 verbium,
839 2680 916 2726 minus
940 2697 1033 2745 quoque
1057 2685 1186 2746 repetitum

155 2783 261 2832 pauper,
286 2766 397 2831 pedestri.
421 2766 476 2814 Tale
501 2776 652 2830 praeceptum
685 2781 731 2811 non
745 2763 814 2827 plane
824 2763 929 2812 eiusdem
942 2768 1127 2830 significationis.
1141 2770 1186 2816 llo·

157 2853 303 2916 exceptionis
318 2869 364 2900 non
376 2852 474 2899 sufficit:
490 2852 535 2898 nisi
544 2851 654 2914 magister
687 2851 774 2912 ratius,
797 2849 969 2913 meoiudicio,
994 2854 1124 2916 scripsisset
1138 2871 1185 2902 me-

156 2937 270 2986 iudirium
294 2936 382 2998 addat,
414 2947 523 2984 utrumne
545 2935 652 2982 Chremes
684 2935 743 2982 lius:
770 2937 821 2982 Est
841 2943 867 2982 et
890 2937 933 2983 uli
956 2939 1078 3001 Trugieus
1106 2940 1186 2987 doleat

157 3035 182 3071 et
198 3023 281 3070 Peleus
296 3022 340 3070 hoc
356 3023 536 3083 recusarunt,
553 3037 597 3068 nec
613 3038 651 3069 ne.
685 3037 793 3069 semmae
805 3022 927 3084 pedestri.

156 3111 260 3157 Fortasse
278 3108 342 3156 dices
353 3109 475 3155 Horatium
489 3106 605 3155 addidisse
619 3107 656 3153 iu·
722 3109 840 3170 Telephus
856 3114 882 3154 et
899 3109 1000 3171 Peleus,
1022 3127 1075 3158 eram
1090 3127 1185 3176 pauper

155 3195 243 3244 dicium
265 3196 289 3242 in
306 3211 339 3242 vs.
354 3196 394 3242 98.
413 3195 444 3241 Si
458 3201 530 3240 aurat
545 3209 585 3239 ear
600 3208 653 3256 spa-
685 3200 711 3239 et
726 3195 798 3239 easul
817 3199 925 3256 uterque.
944 3195 1016 3243 Locus
1033 3195 1072 3244 hie
1088 3196 1117 3245 ab
1135 3215 1183 3246 om·

154 3283 250 3329 stantis
267 3259 383 3346 tetigisse
395 3280 499 3343 querela.
516 3277 561 3325 Sed
575 3277 603 3325 de
618 3276 655 3325 his
687 3276 757 3324 nibus
781 3277 952 3342 interpretibus
976 3298 1098 3346 perperam
1115 3284 1185 3332 intel·

155 3369 239 3429 aliter,
254 3384 324 3432 quam
337 3366 409 3430 vulgo
423 3367 464 3427 sit,
480 3381 574 3412 censeo:
590 3379 657 3428 prae·
689 3362 764 3410 lectus
782 3372 832 3417 este
859 3365 986 3412 Interdum
1004 3375 1083 3414 taurea
1107 3376 1133 3416 et
1148 3384 1186 3416 aa

156 3464 220 3501 terea
228 3452 256 3500 de
263 3452 383 3500 Chremeta
393 3450 453 3498 nihil
462 3449 576 3497 additum.
592 3450 652 3513 Qua-
684 3464 734 3496 aera
747 3449 872 3496 Carneadia
882 3453 959 3513 tollit,
973 3454 1103 3517 Iratusqua
1112 3455 1185 3504 Clare·

154 3556 193 3602 re,
212 3549 301 3586 mutata
323 3537 487 3596 distinctione,
504 3535 652 3583 scribendum
684 3526 837 3582 mestumida
849 3536 969 3601 delitigat
983 3554 1036 3586 are:
1054 3541 1187 3604 EtTragi·

155 3623 268 3671 arbitror:
286 3624 395 3688 Singula
410 3637 514 3686 quaeque
530 3622 606 3668 laeum
620 3628 655 3668 te·
686 3636 729 3668 cus
746 3622 888 3684 plerumque
908 3624 973 3670 dalet
993 3640 1099 3672 sannone
1114 3627 1188 3688 perle-

155 3717 231 3756 neant
254 3711 362 3757 sortita:
391 3709 501 3755 decanta
524 3706 652 3755 Interdum
684 3707 742 3753 stri.
757 3708 874 3771 Telephus
882 3716 908 3755 et
917 3710 1017 3770 Peleus,
1035 3725 1088 3756 eum
1091 3726 1187 3774 pauper

157 3802 238 3842 tamen
251 3801 276 3841 et
289 3809 367 3841 vocem
378 3793 504 3842 Carneadia
519 3793 595 3840 tollit.
609 3791 653 3838 Re·
686 3798 711 3838 et
727 3794 924 3855 casulamque,
942 3795 1052 3840 Praiicit
1065 3799 1187 3859 ampullas

155 3880 213 3947 gula
230 3889 265 3927 est
279 3880 417 3926 certissima:
434 3877 555 3925 Comoedia
570 3877 655 3924 etTre·
687 3884 713 3924 et
729 3879 910 3940 sesquipedalia
927 3880 1004 3927 aerla.
1020 3880 1046 3927 ln
1063 3881 1107 3929 hac
1125 3894 1188 3932 certe

97 3957 100 3964 ¹
157 3965 241 4033 goedia
264 3981 332 4014 suum
353 3980 460 4029 quaeque
482 3961 555 4010 habet
571 3979 656 4009 sermo·
689 3961 840 4010 distinctione
854 3965 976 4028 Tragiaus
994 3975 1028 4012 est
1045 3969 1094 4031 ipse
1104 3969 1184 4028 Poeta;

124 4101 130 4111 ,
155 4070 217 4104 nem.
232 4049 354 4101 Interdum
367 4047 660 4113 tamenheecregulene·
692 4057 717 4095 et
738 4048 771 4095 sic
796 4059 890 4096 enarrat
912 4049 1055 4101 scholiastes
1075 4053 1187 4122 Cruqnfi,
