2752 4844
209 354 266 425 104
468 363 682 425 llOlth'lll
712 362 957 423 EPISTOLA

238 563 438 659 Verbaque,
462 565 614 658 Pisones,
640 565 838 658 Satyrorum
863 563 1007 658 scriptor
1032 558 1172 646 amabo,

235 684 305 755 Nec
330 686 379 754 sio
400 685 507 755 enitar
531 684 658 777 tragico
679 682 814 754 differre
838 682 965 771 colori,

238 803 285 873 Ut
310 801 395 871 nihil
415 802 563 891 intersit,
589 802 745 872 Davusne
765 800 944 895 loquatur,
969 807 1003 870 et
1027 796 1137 868 audax

239 920 395 1015 Pythian,
420 927 579 991 emuncto
603 920 734 990 lucrata
759 920 893 990 Simone
916 918 1102 1003 talentum3

241 1037 296 1108 An
319 1046 433 1109 custos
458 1038 674 1132 famulusque
697 1039 757 1108 Dei
782 1037 916 1109 Silenus
941 1035 1081 1107 alumni.

240 1155 288 1226 Ex
308 1163 390 1227 noto
414 1156 533 1226 fiotum
555 1180 689 1227 carmen
714 1179 852 1251 sequar,
877 1163 917 1226 ut
937 1153 1001 1225 sihi
1019 1152 1128 1247 quivis

241 1275 360 1369 Speret
383 1274 488 1362 idem3
513 1274 611 1344 sudet
634 1275 804 1365 multum,
828 1274 1021 1367 frustraque
1042 1271 1174 1343 laboret

243 1391 358 1463 Ausus
380 1391 487 1463 idem:
510 1400 642 1462 tantum
663 1394 763 1464 series
786 1394 1010 1486 iuncturaque
1030 1390 1157 1485 pollet3

209 1659 387 1707 annotationum
403 1660 507 1726 exempli
520 1675 600 1710 caussa
613 1661 708 1709 invenio
741 1661 854 1724 σακκία,
884 1662 1022 1727 praesertim
1049 1659 1085 1708 sic
1109 1659 1173 1706 inter
1197 1672 1237 1704 res

206 1745 284 1808 posita
297 1744 411 1793 vocabula
424 1763 514 1811 capsa,
527 1748 634 1813 pagina.
659 1747 707 1795 Iam
739 1745 874 1813 splendidas
890 1748 974 1812 posita.
998 1745 1064 1793 Talin
1080 1745 1155 1810 igitur
1169 1758 1238 1790 voca·

208 1829 309 1894 Quintil.
323 1830 387 1894 llll,
404 1844 445 1894 111,
461 1831 615 1898 reprehendit
630 1835 704 1881 cista.
737 1830 795 1880 bula
816 1842 873 1880 sunt
895 1834 1025 1894 inerrata,
1047 1829 1153 1896 quotidie
1170 1844 1237 1876 usur·

209 1914 300 1963 »Sicut
321 1916 347 1964 in
371 1918 476 1965 oratioue
499 1916 577 1965 nitida
600 1916 706 1965 notabile
739 1927 843 1982 panum,
865 1934 903 1965 res
926 1919 1055 1966 communis
1073 1917 1137 1964 vitae
1153 1924 1238 1963 tenues
1268 1978 1272 1984 .

210 2008 246 2047 cst
266 1999 381 2049 humilius
396 2000 511 2064 verbum,
535 2002 643 2050 acvelut
658 2018 707 2050 ma·
738 2003 890 2068 significant,
910 2012 1011 2068 regnant
1032 2011 1057 2050 et
1078 2000 1236 2049 dominantur.

209 2083 275 2133 cula:
298 2087 333 2133 ita
356 2102 494 2135 asermone
516 2089 584 2135 tenui
604 2087 705 2136 sublime
738 2086 789 2136 Nou
813 2098 864 2136 erat
887 2089 977 2154 igitur,
1006 2104 1049 2136 cur
1071 2084 1174 2135 Hurdius
1194 2101 1237 2149 pro

208 2169 358 2237 nitidumque
378 2171 509 2235 discordat,
530 2174 605 2238 fitque
627 2189 706 2222 corru-
737 2174 855 2222 inornata
871 2183 998 2241 reponeret
1013 2175 1139 2222 bannato.

207 2265 291 2322 ptum,
301 2258 358 2323 quia
371 2259 396 2306 in
406 2258 477 2324 plano
486 2268 572 2307 tumet.
589 2257 707 2323 Quaedam
772 2260 894 2325 Pythias,
911 2269 1021 2309 emuncto
1031 2261 1128 2308 literato
1140 2258 1239 2306 Simone

207 2359 255 2391 nou
277 2352 325 2391 tam
346 2345 452 2408 ratione,
473 2360 544 2410 quam
561 2362 630 2393 sensu
645 2345 708 2395 indi·
740 2347 871 2396 talentum.
882 2347 952 2395 lcro:
971 2348 1055 2411 »Quae
1069 2355 1106 2393 est
1120 2360 1177 2392 ausa
1188 2342 1239 2391 elu-

208 2428 305 2476 cantur:
322 2439 351 2477 ut
365 2428 474 2477 illud-
488 2445 559 2477 caesa
570 2431 708 2496 tangebant
739 2430 794 2479 dere
816 2431 936 2479 dominum
956 2447 1033 2479 suum.
1059 2430 1110 2477 Nou
1130 2427 1191 2477 dicit
1210 2428 1239 2476 de

200 2513 305 2573 foedera
322 2529 415 2579 porca,
441 2516 500 2562 secit
525 2514 619 2583 elegans
642 2517 707 2565 fictio
739 2516 826 2582 Pythia
846 2516 999 2578 Terentiana,
1026 2513 1068 2562 sed
1092 2529 1152 2579 quae
1173 2512 1239 2578 apud

207 2599 322 2646 nominis:
340 2597 403 2664 quod
418 2600 439 2648 si
455 2599 540 2648 suisset
551 2617 638 2666 parco,
656 2603 704 2651 vile
736 2601 872 2666 Lucilium,
895 2598 1150 2668 tragoediographum,
1168 2596 1238 2647 indu·

209 2692 270 2732 erat.
293 2683 321 2731 ln
343 2683 483 2750 quibusdam
503 2687 564 2736 ratio
585 2688 711 2736 manifesta
743 2689 806 2736 citur
829 2686 917 2736 ancilla
940 2702 984 2751 per
1007 2686 1106 2733 astutias
1131 2685 1239 2750 accipere

208 2778 253 2816 est.
270 2768 386 2834 Risimus,
405 2780 431 2820 et
445 2774 544 2836 merito,
561 2790 637 2839 nuper
653 2789 708 2839 poe·
740 2782 865 2838 argeutum
877 2789 891 2821 a
905 2771 1007 2821 domiuo.
1021 2770 1079 2818 Nam
1092 2769 1184 2818 fefellit
1199 2769 1239 2817 ‹lo-

208 2862 257 2902 tam
274 2856 316 2920 qui
332 2855 438 2920 dinem,
455 2836 617 2907 Plaetoatam
631 2860 661 2906 ia
673 2861 709 2906 ci·
740 2859 831 2907 minum
847 2867 872 2906 et
891 2856 983 2923 accepit
1003 2855 1032 2904 ab
1050 2873 1077 2904 eo
1094 2856 1188 2921 argenti
1204 2865 1239 2904 ta·

207 2948 249 2988 sta
261 2957 344 2992 muros
355 2958 437 2992 rosere
450 2943 559 2992 Camilli.
572 2944 603 2991 lt
613 2942 707 3009 Virgilii
739 2943 849 3007 lentum,
874 2945 923 2992 suit
939 2944 1002 2992 cuim
1017 2941 1076 2990 haec
1093 2941 1173 2990 eadem
1191 2957 1240 2989 me·

207 3027 322 3075 miramur
345 3027 408 3077 illud
426 3031 503 3093 Saepe
518 3029 625 3094 κάμω
639 3043 709 3076 maa:
740 3030 854 3078 retricula
869 3046 957 3094 rapax,
978 3038 1008 3075 ut
1023 3027 1109 3090 lhais,
1126 3042 1186 3092 quae
1202 3025 1240 3074 lu·

208 3127 263 3158 nam
286 3111 410 3178 epitheton
430 3115 536 3180 exiguas
556 3123 637 3180 aptum
653 3130 707 3178 pro·
739 3115 899 3186 crumfacit.{'
911 3112 1237 3183 Wyteubachiusaunotaritc

207 3196 288 3262 prium
307 3197 405 3262 offecit,
429 3216 459 3247 ne
483 3199 538 3265 plus
562 3209 708 3266 exspectare·
741 3200 839 3247 »Davus
856 3198 989 3265 eththias
1004 3208 1060 3248 sunt
1075 3198 1171 3265 quidem
1186 3215 1240 3264 per-

81 3294 101 3315 *
155 3319 160 3327 .
208 3291 310 3344 mus,et
323 3299 388 3332 casus
397 3285 524 3351 singularis
532 3277 709 3351 magisdecuit,
741 3300 810 3333 sonae
824 3283 1122 3334 iu'lereutiauislubulis:
1138 3283 1239 3333 scdhoc

210 3376 237 3415 et
255 3367 362 3416 clausula
377 3369 428 3434 ipsa
443 3372 514 3418 unius
528 3369 649 3436 syllabae,
664 3387 712 3420 non
745 3367 774 3418 de
796 3379 905 3419 emuncto
926 3369 1018 3419 Simone
1039 3387 1082 3436 per
1100 3369 1240 3436 Pythiadem

210 3453 315 3517 usitata,
345 3451 437 3502 addidit
465 3456 598 3520 gratiam.'’
630 3458 709 3505 Parca
741 3472 788 3504 non
804 3455 840 3504 ibi
854 3466 939 3506 exstat.
956 3455 1085 3504 Scholiasta
1096 3455 1193 3520 Cruquii
1208 3471 1239 3504 ex

209 3555 295 3606 ¹nempe
308 3541 386 3589 minus
398 3539 535 3605 quotidiano
545 3557 650 3590 sermone
661 3541 710 3590 lre-
740 3541 832 3590 Lucilio
847 3552 951 3590 sumtum
966 3539 1058 3589 scribit.
1075 3540 1142 3587 forte
1158 3538 1240 3604 legeu-
1280 3530 1288 3541 ’

211 3635 341 3692 quentatur
360 3642 431 3692 quam
444 3642 549 3691 parnas:
570 3628 637 3674 cc'ata
658 3635 709 3675 erat
742 3626 798 3676 dum
820 3629 955 3676 Caecilio.”
978 3626 1122 3690 Qmmquam
1142 3623 1188 3672 hoc
1209 3624 1239 3674 de

209 3711 320 3778 vulgata,
342 3727 424 3759 marca
439 3713 489 3760 sine
506 3711 613 3776 epitheto
635 3713 708 3760 etsie
741 3713 832 3763 talento
851 3714 904 3761 fieri
919 3710 999 3776 potnit
1014 3711 1040 3758 in
1056 3707 1180 3774 deperdita
1196 3710 1240 3760 ali·

208 3796 236 3844 in
257 3813 354 3845 numero
379 3796 484 3862 plurali,
509 3796 566 3846 vile.
590 3797 709 3863 Longinus
740 3793 1150 3867 qual'erentiifabula‚probabilis
1160 3805 1240 3846 tamen

209 3877 279 3942 §48-
307 3882 372 3949 περὶ
393 3883 553 3950 μικρότητος
574 3883 708 3954 &cadram
741 3894 778 3933 cst
789 3881 933 3941 emendatio;
948 3879 1057 3947 illudque
1070 3898 1154 3929 nomen
1167 3898 1237 3948 saepe

176 4022 178 4027 Ι
208 3963 395 4034 inTheopompo
408 3968 563 4035 reprehendit
577 3968 707 4028 τούςθυ-
739 3979 875 4036 corruptum
899 3977 935 4017 cst
958 3968 984 4016 iu
1009 3967 1149 4030 eusticius,
1174 3967 1237 4016 unde

209 4045 308 4106 λάκους
324 4052 371 4100 καὶ
387 4055 422 4104 τὰ
438 4054 583 4121 ἀρτύματα
600 4055 648 4106 καὶ
668 4056 704 4104 τὰ
736 4055 851 4105 facillime
878 4054 908 4103 lit
936 4054 1067 4116 Lucilios,
1101 4052 1237 4103 notissimum
