2752 4844
525 375 586 436 ΑΙ)
618 375 835 438 PISONES.

203 584 374 658 Debemus
398 580 500 650 morti
519 600 603 670 nos,
628 582 832 671 nostraque3
857 575 925 645 sive
950 584 1108 672 receptus

171 791 256 854 Georg.
277 787 322 849 lt,
335 787 392 833 518.
416 783 528 846 Arvaque
543 782 666 846 Riphaeis
698 782 771 829 cturis
780 778 870 846 agenda
884 790 932 840 est;
950 797 997 830 non
1011 780 1151 831 crediderim
1159 779 1190 830 ab

173 891 303 940 „umqum
329 873 431 920 uiduata
455 871 567 934 pruinis.
593 869 665 917 Silius
697 869 789 916 Horatii
817 884 888 915 manu
914 884 982 932 esse,
1012 867 1075 934 quod
1099 868 1191 933 profert

173 965 229 1013 Ital.
249 962 366 1023 111,601.
387 957 447 1005 Nee
455 958 545 1022 Stygis
566 958 610 1004 ille
627 958 667 1002 lu-
699 952 832 1007 Diomedes:
856 955 945 1019 quippe
967 942 1029 1020 ruod
1050 957 1085 1002 ita
1101 953 1191 1001 clarum

175 1066 232 1110 aas,
254 1048 400 1108 viduataque
418 1047 509 1093 lumine
527 1060 618 1109 regno,·
641 1051 666 1091 et
699 1058 725 1090 ac
746 1041 818 1089 facile
841 1052 891 1104 est,
916 1052 944 1089 ut
967 1040 1106 1089 incredibile
1126 1042 1158 1088 sit
1177 1056 1192 1087 a

174 1135 232 1198 ΧΠ,
246 1136 302 1184 370.
319 1134 464 1195 Serpentum
478 1132 551 1178 tellus
562 1145 628 1193 pura
642 1135 668 1176 et
699 1126 899 1183 librariisnostris
917 1128 1068 1194 interpellari
1078 1129 1193 1193 potuisse.

175 1224 279 1272 viduatu
299 1221 407 1268 uenenis.
435 1219 463 1266 Et
481 1227 536 1266 sunt
554 1215 666 1282 quidem,
700 1215 740 1263 Illi
754 1217 840 1263 etenim
855 1216 962 1264 difficilia
979 1225 1003 1263 et
1016 1214 1136 1263 recondita
1153 1216 1193 1262 fa-

175 1309 201 1355 ni
216 1305 303 1366 fallor,
320 1305 362 1369 qui
378 1303 491 1350 utramvis
508 1319 537 1349 ex
553 1300 591 1349 his
607 1317 665 1348 con·
698 1299 833 1363 cilioribus,
850 1319 897 1349 non
911 1311 1005 1363 contra,
1022 1301 1098 1349 solent
1112 1311 1193 1350 muta-

175 1395 271 1443 iecturis
288 1392 374 1457 plausu
391 1390 500 1454 excipere
515 1389 606 1436 velint:
624 1386 666 1436 sed
698 1404 736 1435 re:
754 1403 831 1452 neque
846 1390 969 1454 quisquam
983 1387 1116 1436 inauditum
1130 1386 1193 1437 illud

173 1477 216 1527 ubi
240 1487 377 1526 contextum
398 1477 511 1524 orationis
535 1476 667 1522 accuratius
702 1474 735 1521 Ut
756 1476 834 1522 silone
851 1476 924 1530 foliis
939 1483 1070 1523 mutuatur
1083 1493 1192 1541 peruerse

174 1565 307 1633 considero,
322 1564 392 1630 plane
406 1562 454 1610 alia
463 1563 501 1610 via
511 1560 667 1609 incedendum
700 1560 865 1623 substituerit,
879 1564 938 1610 siin
953 1561 1082 1627 exemplari
1095 1580 1137 1631 suo
1151 1565 1192 1611 in-

174 1668 223 1700 esse
255 1649 332 1700 video.
359 1650 415 1697 Cum
438 1649 501 1695 enim
517 1647 586 1705 solio
609 1645 666 1708 hie,
699 1647 802 1693 venisset
823 1645 887 1710 quod
908 1656 975 1693 extra
1004 1666 1094 1697 omnem
1122 1666 1194 1698 exee-

172 1753 220 1785 non
232 1738 311 1784 siloae
328 1751 381 1782 cum
394 1736 474 1782 cerdis
486 1743 662 1798 comparentur;
697 1735 801 1798 ptionem
812 1743 861 1795 est,
871 1733 973 1792 Ursolis
981 1735 1010 1781 ire
1019 1737 1194 1802 siluislirgiL

173 1832 268 1889 oportet
281 1824 379 1886 utique,
393 1831 421 1868 nt
434 1820 459 1871 id
471 1819 611 1869 vocabulum
625 1837 667 1869 ca·
698 1820 740 1882 tl,
755 1823 810 1869 309.
832 1822 910 1879 Quom
922 1822 1002 1868 multa
1017 1824 1046 1868 in
1059 1824 1134 1870 silvis
1146 1840 1194 1872 eu·

174 1925 203 1958 su
218 1917 282 1956 recto
300 1906 424 1970 efferatur,
443 1917 468 1955 et
484 1905 555 1954 ducat
569 1916 667 1954 senten·
699 1909 794 1954 ctumoi
804 1908 906 1972 frigore
917 1909 1001 1971 primo
1014 1911 1194 1973 Lopsocodaret

174 1997 240 2045 fiam.
266 1995 343 2060 Atque
365 1996 400 2043 ita
420 2011 475 2044 sane
492 1994 557 2042 locus
572 1993 612 2042 hic
628 1996 666 2043 ci·
689 1995 1194 2060 foliollaniliuslth.731.Quotdelopso

174 2091 240 2130 tatur
255 2099 270 2129 a
285 2080 396 2133 Diomede
418 2099 442 2146 p.
456 2083 512 2130 394.
538 2083 588 2130 Sed
598 2083 668 2129 e'm'e-
700 2085 911 2144 coduotfoliorum
919 2086 1094 2132 milliasiloe's.
1106 2085 1195 2148 Quam-

175 2169 226 2230 eo't,
248 2169 341 2231 inquit,
354 2174 442 2229 postea
464 2174 533 2215 aetus
553 2183 664 2227 monum
698 2168 792 2232 obrem,
805 2170 923 2219 autvalde
933 2171 1015 2232 fallor,
1025 2181 1068 2218 aut
1078 2173 1114 2219 sic
1128 2170 1195 2219 dedit

176 2260 203 2299 et
218 2253 297 2299 ueluti
312 2251 470 2313 disciplinam
487 2252 600 2314 pristini
612 2265 669 2297 sae-
701 2252 823 2300 Horatius:
852 2255 888 2300 -Ut
912 2257 987 2302 silvis
1006 2257 1076 2315 solia
1104 2272 1195 2319 pruzos

175 2340 242 2398 ειιίὶ,Ι
268 2339 302 2386 ita
323 2339 349 2384 in
370 2352 476 2384 sermone
490 2335 598 2383 fastidire
616 2352 672 2383 coe·
704 2341 870 2386 mutuatorie
878 2355 967 2388 annos:
984 2340 1026 2388 ubi
1037 2319 1129 2406 syllaba
1137 2340 1196 2388 bre-
1225 2333 1230 2341 ’

175 2427 230 2492 pit,
248 2434 272 2472 et
293 2441 352 2472 nova
369 2426 487 2489 parturire
504 2422 590 2486 verba,
612 2440 673 2489 quae
705 2426 741 2472 vis
757 2435 919 2489 sustentatur,
935 2437 1103 2474 tumcaesurae
1120 2427 1196 2473 ratio-

174 2515 286 2562 iuvenum
308 2512 358 2558 ritu
378 2510 430 2575 ipsa
450 2507 519 2556 modo
540 2507 627 2556 florent
644 2517 668 2556 et
699 2525 744 2572 ne,
762 2519 813 2558 tum
827 2511 859 2559 ob
876 2511 1035 2576 binas„quae
1049 2521 1195 2576 sequuntur,

174 2588 270 2664 vigeirt,
287 2607 316 2644 ut
332 2606 357 2644 et
372 2595 495 2642 Horatius:
514 2592 547 2640 Ut
554 2593 623 2654 folia
637 2594 668 2640 ire
701 2605 863 2643 consonantes:
876 2598 956 2662 qualia
970 2599 1055 2663 passim
1069 2597 1133 2664 apud
1143 2599 1197 2646 Vir-

176 2688 252 2734 siloe's
263 2700 358 2750 pronos
371 2689 505 2730 mutantur
525 2682 555 2727 e'n
575 2696 668 2743 aureos,
686 2663 689 2669 Ι
702 2683 787 2746 gilium
800 2692 825 2730 et
839 2683 898 2731 alios
910 2695 1043 2734 occurrunt.
1061 2686 1125 2734 Hanc
1138 2703 1196 2751 por-

176 2774 264 2823 Pre‘raa
279 2773 384 2838 ooduot5
400 2771 443 2834 e'to
458 2769 584 2830 verborum
600 2775 671 2815 aetus
703 2750 863 2818 ro'licentiam
877 2787 930 2819 cum
943 2772 1038 2821 librarii
1051 2773 1130 2852 datam
1146 2789 1196 2822 essa

176 2861 271 2909 interis
298 2867 381 2919 oetas,
413 2855 450 2902 Et
471 2855 586 2900 iuuenum
615 2854 671 2900 ritu
702 2855 832 2912 nescirent;
856 2855 914 2921 quid
937 2859 1011 2924 magis
1035 2860 1059 2906 in
1081 2858 1196 2922 proclivi,

173 2948 268 3011 floreret
283 2946 350 2993 modo
365 2948 426 2990 nuto
443 2941 583 3004 vigentque.
605 2938 670 2988 ridde
703 2957 773 3006 quam
790 2951 818 2989 ut
832 2944 910 2990 silam
916 2944 995 3005 foliis
1007 2944 1108 2993 officiose
1125 2962 1197 3010 repo-

178 3043 203 3082 et
215 3032 291 3095 illud,
306 3029 369 3098 quod
381 3029 440 3078 dure
456 3028 581 3078 admodum
595 3040 620 3077 et
631 3030 673 3079 iu·
703 3033 805 3082 nerent?
826 3031 873 3081 Sed
897 3043 921 3081 et
937 3032 1020 3096 aliud,
1039 3036 1135 3100 opinor,
1157 3033 1198 3082 hie

177 3124 290 3171 concinne
311 3121 355 3170 illa
379 3118 564 3183 subnectuntur,
582 3122 669 3184 mimo
702 3119 812 3169 mendum
834 3121 911 3186 latet,
932 3123 959 3170 in
972 3121 1049 3171 lucem
1071 3125 1118 3171 iam
1140 3139 1198 3189 pro-

177 3209 284 3269 audieret,⁸
307 3207 353 3255 nisi
373 3208 544 3256 nominativum
553 3207 624 3268 solio
645 3209 671 3255 in
704 3205 853 3259 trahendum.
872 3206 933 3272 Quid
950 3210 1013 3256 enim
1031 3218 1067 3257 est
1084 3211 1109 3257 in
1122 3225 1198 3258 nonos

177 3295 360 3363 praecedentem
367 3311 459 3343 versum
468 3294 601 3344 adsciveris.
611 3295 671 3358 Qua·
698 3292 812 3357 pronos?
828 3313 858 3344 an
875 3303 1017 3361 vergentes,
1037 3294 1196 3358 declinantes,

178 3383 210 3437 lis
226 3385 302 3445 enim,
325 3381 408 3445 sodes,
430 3381 505 3429 oratio
523 3390 571 3442 est,
594 3381 677 3442 sitam
705 3378 749 3427 sul>
779 3391 905 3429 auctumno
934 3379 1039 3438 scilicet;
1064 3391 1098 3455 ¹ut
1118 3397 1199 3445 prona

178 3480 309 3521 mutantur
326 3472 428 3532 ‚foliim
455 3472 542 3534 γήτεια
570 3470 669 3517 eadunt.
703 3469 770 3532 dies,
787 3468 916 3532 decedens,
933 3467 997 3534 apud
1010 3468 1110 3516 Statium
1123 3467 1198 3519 meh.

178 3559 287 3611 Heinsius
300 3557 396 3625 quidem
411 3558 495 3608 Daniel
511 3574 560 3606 nors
572 3559 674 3606 dubito·
706 3557 742 3620 11,
753 3558 793 3606 41.
810 3561 860 3607 Ast
867 3559 911 3604 ubi
919 3556 1070 3621 prosodias.
1084 3555 1132 3604 Hoc
1142 3557 1199 3620 qui-

179 3649 263 3711 verit,
287 3655 315 3694 ut
334 3647 384 3708 eit,
402 3646 547 3710 praeferre,
572 3646 636 3709 quod
657 3661 673 3693 o
705 3644 758 3693 dem
777 3645 897 3693 Dacierius
917 3643 1005 3692 voluit:
1032 3657 1114 3690 verum
1134 3641 1200 3691 haud

180 3733 297 3782 monde
328 3718 469 3782 adducim.
499 3729 592 3778 Utinam
618 3746 673 3778 vero
706 3731 797 3796 patitur
818 3728 879 3778 hane
895 3729 1037 3776 sententiam
1053 3725 1144 3775 indoles
1161 3729 1200 3776 lo-

180 3835 251 3867 manu
271 3820 355 3884 scripti
370 3816 430 3866 mihi
446 3813 533 3864 codicis
549 3817 616 3880 copie
633 3832 672 3863 es-
706 3817 819 3873 cutionis;
837 3814 980 3880 ubicumque
999 3814 1062 3860 enim
1074 3811 1200 3864 dicuntia

180 3913 228 3963 θεὶς
246 3921 338 3968 aerum,
355 3907 451 3970 opinor,
468 3903 595 3953 lectionem
610 3901 674 3969 apud
706 3904 792 3964 loros,
809 3905 838 3949 e'rs
854 3903 921 3964 dies,
937 3904 966 3948 io
981 3916 1088 3966 moeses,
1106 3905 1135 3952 in
1151 3921 1198 3952 orr-

180 3990 251 4040 illum
284 3990 464 4038 Grammaticum
492 3988 672 4038 delitescentem
704 4005 762 4048 rios,·
781 3998 842 4035 totos
855 3996 880 4034 et
896 3990 1137 4052 integrosnecessario
1154 3992 1198 4040 de-

178 4079 317 4145 reperirem.
344 4077 426 4141 Nune,
453 4077 510 4143 quie
530 4091 568 4124 res
592 4076 674 4125 conie-
706 4082 803 4136 notant,
817 4089 864 4122 non
880 4073 985 4139 aliquam
1001 4091 1080 4123 eorum
1096 4088 1196 4144 partem.
