2752 4844
512 387 572 447 tn
603 389 824 452 alsonus.

189 593 318 666 Plauari
342 597 468 669 Genius
483 599 585 670 'festis
610 602 749 696 impune
772 599 910 688 diebus3

189 713 337 785 Accessit
360 719 575 812 numerisque
600 698 774 814 modisque
803 721 935 790 licentia
960 720 1076 789 maior.

188 831 347 904 Indoctus
372 837 455 928 qnid
473 839 564 908 enim
588 847 718 934 saperet
744 837 896 932 liberque
917 836 1073 907 laborum

188 951 347 1023 Rusticus
369 953 499 1026 urbano
520 957 698 1047 confusus,
724 957 833 1051 turpis
854 953 1020 1029 honesto?

188 1069 242 1139 Sia
268 1073 616 1169 priscae-motumque
641 1088 675 1145 et
700 1075 868 1145 luxuriem
889 1074 1017 1144 addidit
1039 1075 1107 1143 arti.

189 1187 345 1282 Tibicen,
372 1195 540 1286 traxitque
559 1215 662 1287 vagus
685 1217 746 1288 per
769 1193 903 1289 pulpita
927 1200 1063 1263 vestem.

189 1306 243 1376 Sia
267 1310 364 1379 etiam
389 1310 515 1381 fidibus
539 1335 636 1382 voces
657 1336 791 1383 crevere
817 1311 957 1398 severim

186 1424 228 1495 Et
251 1428 329 1497 tulit
353 1429 527 1522 eloquium
552 1431 727 1501 insolitum
755 1429 912 1500 facundia
933 1450 1109 1523 praeceps:

188 1545 397 1641 Utiliumque
420 1571 519 1643 sagax
547 1574 660 1621 rerum
686 1558 720 1621 et
743 1549 854 1619 divina
879 1547 993 1622 futuri.

153 1784 209 1832 am,
222 1771 279 1818 latri
290 1758 372 1822 mari.¹
380 1772 467 1823 Seneca
481 1773 509 1823 de
525 1775 650 1826 Beneficiis
682 1784 730 1824 set:
743 1782 769 1822 ct
778 1775 850 1823 ardes
859 1773 951 1822 Latias
963 1772 1079 1836 amplecti
1089 1771 1179 1818 maris.-

154 1853 209 1918 vll,
224 1858 262 1904 10.
271 1856 392 1918 Aedificia
397 1862 503 1923 priuata
517 1864 649 1910 leuitatem
712 1863 832 1924 Liberque
847 1861 962 1908 lateram.
984 1854 1102 1905 Nonnulla
1117 1853 1180 1903 HSS.

154 1942 251 1989 artium
258 1957 404 2008 magnaram
416 1946 648 1996 ciacmtia.Gansol·.
681 1948 808 1995 catorum.
830 1946 881 1994 Non
902 1946 1040 2010 infrequens
1056 1943 1180 2006 utriusque

154 2025 185 2075 ad
200 2027 310 2076 Marciam
327 2046 348 2078 c.
369 2033 407 2080 17.
428 2033 526 2081 Videtis
541 2035 650 2097 Syracu·
681 2031 793 2080 vocabuli
807 2033 833 2080 in
849 2031 895 2078 hoc
907 2046 1004 2078 numero
1018 2038 1043 2076 et
1059 2043 1115 2076 casu
1127 2043 1181 2092 per-

153 2128 207 2176 sas,
223 2114 444 2180 apsamiageatem
456 2120 598 2181 civitatate,
616 2120 651 2166 la·
684 2119 799 2166 mutatio:
829 2119 855 2165 in
879 2114 948 2164 Codd.
971 2113 1105 2179 virgilianis
1129 2112 1180 2159 fere

152 2199 361 2261 alarcurrilam,
375 2217 446 2264 qaam
462 2205 596 2251 multarum
609 2219 651 2251 ar·
683 2212 812 2267 perpetua,
834 2212 863 2249 ut
878 2198 976 2248 Aeneid.
990 2199 1019 2246 lt
1026 2235 1033 2261 ,
1048 2200 1109 2260 169,
1125 2196 1180 2259 vll,-

154 2283 221 2331 liscm
236 2285 306 2344 fiaes
322 2293 389 2335 secat.
418 2287 454 2335 lta
477 2287 569 2350 Cicero,
595 2289 651 2336 lace
681 2288 743 2350 481,
757 2285 826 2335 alibi.
839 2285 977 2333 Conferatur
990 2283 1080 2331 Curtius
1093 2281 1123 2330 ad
1136 2283 1181 2330 Lu·

153 2369 281 2418 habitare:
297 2370 401 2420 Velleius
413 2372 502 2422 Patere.
511 2375 581 2436 11‚8.
601 2373 653 2432 Quo
684 2374 739 2421 cani
752 2372 787 2434 11,
801 2373 857 2420 317.
880 2371 910 2419 Et
923 2378 985 2417 sunt¹
995 2368 1063 2430 loca,
1079 2366 1123 2415 ubi
1139 2366 1182 2414 du·

153 2455 235 2503 lecim
242 2457 322 2516 fieret
341 2459 426 2522 apcius
445 2459 536 2507 domas.
558 2458 649 2506 Plinius
679 2457 756 2520 bites,
775 2457 926 2522 praelerasne
943 2455 1049 2502 labarum
1062 2469 1093 2501 aa
1108 2453 1181 2500 male-

153 2540 213 2590 Hist.
228 2541 270 2603 Vl,
283 2545 323 2592 et.
340 2543 453 2607 Claram,
468 2545 581 2610 oppidum
591 2546 650 2593 Per·
681 2560 744 2592 ram.
762 2544 805 2591 Hie
821 2540 927 2590 dubitari
942 2558 989 2589 non
1005 2549 1091 2606 potest.
1108 2539 1183 2587 Lc'lcr

153 2627 203 2674 sici
215 2629 288 2674 sinas
301 2630 435 2692 intimam,
452 2642 479 2676 111
494 2632 558 2678 mill.
576 2646 646 2694 pass,
680 2630 786 2677 labarum
802 2630 926 2688 rusticas,
945 2643 1016 2691 opere
1032 2626 1115 2687 finito,
1132 2626 1182 2673 ani·

155 2713 271 2762 leuitate.
293 2712 365 2761 Recte
378 2714 468 2778 igitur,
489 2716 582 2762 Latiar
594 2731 651 2762 ma·
682 2730 746 2761 mum
763 2711 889 2761 exhilarat.

153 2812 198 2845 ras
218 2799 336 2861 amplecti
355 2801 446 2862 caepit,
469 2799 514 2848 hoc
531 2810 579 2862 est,
601 2817 650 2848 am·
715 2800 759 2847 Sic
783 2799 860 2845 etiam
872 2797 975 2858 fidibus,
994 2812 1062 2844 acces
1085 2804 1201 2844 crevere·

154 2880 230 2946 plim,
244 2883 375 2946 spatiosior.
390 2884 548 2934 BENTLEllS.
683 2885 783 2932 severis.
798 2882 854 2931 Sani
867 2898 961 2948 quoque
974 2882 1040 2948 lyrae
1054 2883 1113 2929 sacti
1125 2890 1181 2928 sunt

187 2966 215 3014 ln
231 2965 352 3029 omnibns,
368 2977 397 3015 ut
409 2966 517 3031 videtur,
534 2967 595 3018 MSS.
608 2985 650 3017 ar·
682 2970 813 3035 graviores,
827 2969 939 3016 nimirum
952 2968 978 3014 in
994 2965 1071 3015 charis
1082 2966 1183 3032 Tragoe-

156 3053 196 3100 bcs
202 3071 213 3112 ,-
230 3049 294 3116 quad
309 3050 394 3099 melius
409 3062 476 3117 puto.
501 3054 611 3102 Horatius
626 3055 651 3102 iu
684 3053 790 3116 diarum,
806 3063 930 3118 ortumque
948 3062 983 3100 est
995 3051 1121 3100 sublimius
1134 3050 1183 3099 elo*

154 3147 205 3186 tota
224 3136 269 3185 hac
289 3136 449 3203 disputatione
470 3141 544 3206 magis
563 3141 653 3205 cogitat
683 3141 795 3206 quentiae
817 3155 905 3204 genus,
930 3137 1039 3203 idemque
1056 3154 1126 3202 saepe
1142 3135 1183 3185 ob-

154 3218 265 3285 limatos,
283 3224 481 3288 quamRomaucs.
499 3226 587 3273 Latiar
602 3242 652 3274 am-
684 3227 791 3287 senrius,
815 3234 844 3272 ut
869 3234 904 3272 est
927 3240 1002 3272 sermo
1026 3223 1183 3273 oraculorum.

150 3311 367 3375 plectitarmaras
382 3309 444 3357 idem
461 3321 496 3359 est
513 3327 540 3359 ac
552 3312 574 3360 si
589 3311 654 3376 lege·
688 3312 760 3359 Voces
782 3325 894 3372 crevere,
914 3319 942 3358 ut
963 3309 1073 3357 Horatius
1096 3310 1122 3357 in
1138 3307 1184 3356 hac

155 3406 222 3445 retur
239 3396 320 3444 latius
334 3397 501 3459 amplectitur.
526 3398 588 3445 Lata
603 3413 654 3444 am·
686 3395 804 3462 Epistula:
825 3397 951 3445 Interdum
968 3402 1049 3444 tamea
1064 3402 1091 3442 ct
1106 3410 1184 3442 ccccm

150 3483 232 3547 plecti
251 3479 341 3529 dicitur
359 3479 388 3528 de
409 3483 492 3546 quovis
512 3483 587 3548 spatia
604 3492 653 3530 tam
687 3482 814 3529 Comoedia
827 3483 902 3530 tellit.
919 3481 998 3530 Cicero
1006 3479 1035 3529 de
1043 3463 1137 3528 Oratore
1146 3479 1182 3541 11,

144 3567 182 3615 ia
202 3565 353 3615 latitudinem
371 3582 441 3632 quam
465 3565 649 3632 longitudinem:
685 3571 723 3615 12.
743 3569 923 3616 Paullalamss
936 3568 1030 3628 creuit,
1045 3564 1184 3613 ctaddidit

156 3650 218 3700 unde
231 3661 256 3699 at
271 3653 396 3700 coniuncta
411 3653 515 3717 reperias
530 3653 601 3716 laage
616 3653 651 3700 la·
683 3654 806 3701 laetoriae
820 3655 936 3700 maiorem
954 3668 1039 3700 sanam
1055 3651 1122 3699 vocis
1133 3648 1184 3698 Aa-

157 3743 234 3799 teqac.
258 3737 337 3809 Lptua
353 3746 377 3785 et
393 3740 445 3785 late
465 3739 584 3803 propriam
599 3737 654 3787 lati·
687 3740 790 3803 tcpater.
803 3739 870 3786 Hanc
883 3737 1068 3802 Antipatrumin
1081 3733 1184 3799 Legibus

157 3820 248 3870 tudinis
271 3823 466 3887 significationem
490 3841 537 3872 uon
560 3832 651 3886 servat,
685 3824 710 3887 1,
723 3828 753 3887 2,
771 3823 832 3872 dixit
843 3825 931 3887 paullo
944 3824 1048 3885 inflasse
1063 3822 1185 3870 achomat-

144 3908 204 3957 nisi
218 3908 269 3972 ipsa
285 3924 393 3956 memma
405 3909 444 3956 vel
458 3908 558 3957 addatur
570 3908 610 3957 vel
623 3925 652 3958 ex
686 3911 753 3971 tias,
771 3919 848 3956 sumta
863 3924 877 3955 a
894 3904 961 3954 tibiis
976 3905 1124 3974 metaphora.

156 4010 235 4044 rerum
251 3995 368 4042 sententia
386 3996 511 4060 cogitetur.
529 3993 554 4043 Si
571 3995 655 4043 suisset
720 3996 758 4042 Et
774 3995 838 4041 tulit
855 3993 974 4055 eloquiam
989 3992 1127 4042 insolitam.
1156 3991 1185 4041 N.

156 4078 311 4147 ambiguum,
326 4072 435 4129 Horatius
450 4078 552 4129 scribere
566 4082 655 4146 potuis·
686 4081 795 4129 Heinsius
812 4078 912 4127 coniecit
929 4077 1043 4126 Extulit.
