2752 4844
254 396 295 457 20
513 397 725 461 HORATII
756 394 1002 459 EPISTOLA

281 592 585 695 Dixeris-egregie,
610 608 730 674 notum
753 601 780 671 si
801 600 923 672 callida
952 597 1093 670 verbum

250 817 332 878 illu&
355 834 402 867 non
426 820 575 884 persentiscis
598 818 661 868 illud
682 835 741 884 pro-
772 819 879 885 profecto
901 833 978 883 neque
1001 830 1030 864 ex
1051 813 1089 862 his
1105 814 1184 863 verbis
1200 831 1268 880 prae·

250 906 326 952 missi
347 907 467 954 carminis
487 907 628 954 sententiam
651 905 742 955 labefa-
776 916 871 972 ceptum
894 903 956 953 illud
981 903 1109 960 enascitur;
1136 902 1198 951 nihil
1224 905 1268 951 mi-

197 1012 204 1026 ·
251 991 333 1039 ctare?
345 990 406 1054 Quid
414 993 494 1041 enim?
510 992 595 1041 Nullus
609 993 655 1040 erit
669 991 739 1054 ordo,
773 1007 830 1039 nus:
842 1007 920 1055 neque
937 990 1061 1054 qnisquam
1075 1005 1144 1036 sanus
1157 987 1183 1035 id
1196 1005 1267 1053 gene-

205 1056 207 1064 Ι
249 1076 317 1124 nulla
349 1079 400 1126 eius
425 1095 506 1127 norma
530 1077 568 1125 vel
594 1078 668 1138 ratio,
693 1078 740 1124 nisi
772 1077 843 1125 ratim
857 1076 979 1140 praecepti
993 1074 1044 1121 loco
1057 1072 1191 1121 tradiderit.
1206 1072 1268 1138 Quid

164 1154 168 1161 ’
250 1177 343 1212 carmen
351 1166 501 1226 prornisrurn
514 1163 562 1210 sit?
578 1162 692 1210 Nimirum
701 1161 740 1209 hic
774 1164 836 1209 cuim
857 1162 882 1208 in
901 1158 1022 1208 Comoedia
1038 1159 1194 1226 Tragoediave
1209 1161 1266 1224 fiat,

249 1266 320 1315 opera
331 1249 434 1308 luditur3
450 1267 526 1316 neque
540 1250 591 1298 ullo
604 1261 672 1316 pacto
685 1266 737 1298 ver·
769 1249 813 1298 ubi
838 1267 958 1315 nunquam
977 1259 1047 1314 poeta
1060 1266 1084 1297 se
1101 1249 1266 1298 intermiscet?

248 1337 350 1386 siculum
368 1336 433 1385 hunc
454 1354 507 1386 cum
531 1338 651 1404 prioribus
667 1341 741 1404 possis
773 1340 834 1402 Quin
858 1348 882 1385 et
902 1340 927 1385 in
948 1339 1018 1402 Epico
1038 1339 1140 1385 carmine
1166 1337 1268 1400 aliisque

248 1431 394 1471 connectere.
417 1421 544 1472 Senserunt
560 1424 607 1473 hoc
623 1428 740 1493 interpre·
771 1426 825 1473 fieri
854 1423 949 1490 quidem
975 1433 1066 1488 potest;
1090 1424 1197 1487 praecipi
1220 1423 1268 1470 nisi

249 1517 285 1555 tes
297 1507 393 1573 quidam
410 1519 435 1556 et
447 1527 523 1575 nuper
536 1521 561 1559 et
577 1512 646 1560 olim:
662 1512 738 1574 unde,
772 1512 892 1561 inutiliter
914 1520 938 1558 et
958 1509 1031 1558 stulte
1048 1526 1095 1558 non
1112 1518 1198 1574 potest.
1223 1509 1268 1555 De-

248 1595 430 1644 invitilicet·et
448 1599 536 1661 coacti,
550 1616 577 1646 eo
595 1599 688 1648 demum
704 1617 741 1648 re·
774 1608 856 1647 serunt
879 1601 960 1663 inque
983 1597 1089 1644 Servium
1105 1596 1265 1656 recentiores,

246 1693 384 1746 currerunt,
409 1691 437 1731 ut
458 1684 578 1749 integrum
599 1684 656 1734 hinc
672 1703 739 1752 prae·
772 1695 797 1732 et
812 1686 931 1732 demetam
947 1698 1029 1729 rernm
1045 1683 1158 1745 ipsarum
1174 1680 1213 1728 hic
1230 1682 1268 1728 in-

246 1779 342 1835 ceptum
363 1771 492 1818 formarent
509 1779 534 1818 et
550 1769 680 1832 cuderent,
695 1786 738 1835 per
771 1770 899 1835 tellignnt,
916 1769 968 1817 Hoc
981 1767 1266 1830 anrondnm,1mceper·

246 1871 271 1903 ae
294 1866 400 1905 constans
425 1865 450 1903 et
470 1872 485 1902 a
505 1856 605 1921 reliquis
629 1855 737 1904 omnibus
770 1857 874 1903 neradnrn
907 1863 963 1914 est,·
998 1854 1065 1903 aliud
1097 1853 1267 1920 probandum,

245 1938 374 1988 abscisum:
397 1942 449 1988 Iloc
470 1949 549 2003 amet,
574 1943 616 1989 lroc
637 1949 740 2005 spernat
772 1941 840 1989 alind
872 1940 1034 1990 reiiciendum.
1059 1941 1182 2010 Huimvero
1211 1958 1266 1989 cum

240 2026 363 2089 promisci
375 2028 495 2075 carminis
507 2034 600 2075 auctor.
620 2027 656 2074 lta
671 2037 735 2075 certe
768 2027 870 2077 Chaerea
884 2030 1015 2078 exclamare
1030 2026 1106 2090 libet,
1124 2029 1265 2092 Discipul-

244 2110 339 2159 servius
359 2110 389 2182 ad
412 2113 555 2180 Georg.·ll‚
580 2116 637 2164 475.
673 2117 738 2163 »Me
770 2117 841 2164 chre:
865 2131 987 2181 nunqnam
1006 2116 1061 2162 uidi
1076 2115 1166 2161 melius
1187 2116 1266 2162 consi-

243 2212 300 2247 οονο
326 2199 438 2262 prumam
461 2201 560 2249 dulces·
575 2209 634 2249 onte
659 2204 741 2249 cronia
773 2204 835 2251 liram
851 2204 917 2251 dara.
933 2205 984 2250 Hoc
1000 2210 1096 2264 amoto,
1113 2203 1205 2267 inquit,
1222 2203 1265 2250 hnc

243 2286 332 2334 Musae
346 2311 380 2322 -
400 2303 465 2335 suam
482 2305 604 2352 personam
621 2305 663 2354 pro
680 2304 737 2353 quo-
770 2291 894 2353 sperna'to:
911 2306 940 2337 an
954 2299 982 2336 tu
997 2291 1023 2337 in
1037 2288 1131 2336 Poetica
1145 2297 1172 2334 ut
1183 2289 1264 2353 singu-

245 2388 337 2436 cunque
349 2373 429 2434 ponit:
446 2373 480 2418 sic
494 2374 575 2435 paullo
589 2385 654 2436 post‘:
670 2376 740 2420 Rura
772 2374 823 2421 lare
840 2374 951 2438 quiddam
965 2391 1055 2435 mones,
1073 2374 1136 2438 quod
1151 2377 1177 2422 in
1190 2376 1264 2423 omni·

243 2459 308 2505 milri
316 2459 446 2521 placeant,
463 2472 505 2520 pro
518 2458 631 2505 cuilibet.
656 2457 694 2504 Sic
711 2459 737 2505 in
769 2456 813 2504 bns
832 2459 946 2522 negotiis,
968 2459 993 2505 in
1017 2459 1080 2505 omni
1096 2459 1159 2505 vitae
1176 2475 1263 2523 genere

242 2546 332 2610 primo:
350 2545 460 2593 nonilla
476 2546 603 2607 quisquam
618 2561 656 2592 rnc
670 2552 738 2593 nocte
770 2545 917 2592 notissimum
939 2553 988 2605 est,
1011 2544 1126 2609 quaedam
1148 2545 1263 2610 fugienda

238 2645 288 2694 per
302 2632 383 2679 ultam
403 2632 452 2679 Ire.
467 2630 494 2677 ln
513 2632 598 2679 tertio:
616 2632 656 2679 Νο
671 2632 736 2678 milri
769 2647 832 2693 esse,
849 2629 964 2696 quaedam
978 2628 1098 2695 petenda?
1112 2631 1163 2679 Iloc
1177 2632 1261 2679 facito:

243 2723 302 2765 tanc
314 2719 398 2766 molles
413 2718 456 2765 cul
478 2718 533 2765 diro
556 2731 655 2782 carpere
674 2733 735 2765 soru-
767 2724 832 2764 recte
864 2731 931 2764 sane.
962 2718 1015 2764 ΙΙοο
1041 2718 1136 2783 fugito:
1164 2719 1262 2768 callide.

241 2819 294 2852 nos.
324 2805 352 2852 Et
376 2804 421 2852 hoc
437 2814 488 2867 est,
513 2805 576 2871 quod
593 2804 652 2852 dicit
665 2804 737 2852 Hora·
768 2805 830 2868 Quin
844 2814 869 2852 ct
883 2806 909 2853 in
924 2805 1004 2853 culina
1023 2820 1097 2869 aeque
1111 2822 1138 2853 ac
1152 2807 1177 2853 in
1193 2804 1263 2855 libris

242 2891 292 2942 tius
315 2891 341 2938 in
367 2890 423 2939 drte
447 2892 554 2939 Poetica:
580 2892 632 2937 Iloc
655 2897 735 2953 amet,
768 2890 846 2938 locum
860 2889 946 2938 hahet:
970 2891 1022 2939 Ilcc
1038 2895 1131 2941 calaum
1147 2901 1202 2957 cst,
1220 2896 1263 2943 lcoc

242 2977 285 3025 noc
300 2985 401 3040 spernat
417 2979 539 3044 prornissi
554 2979 676 3025 carminis
694 2994 737 3026 an·
769 2978 884 3026 amntem
905 2986 960 3041 cst,
987 2980 1029 3026 hoc
1053 2981 1149 3028 lantum
1169 2988 1262 3044 estpa-

240 3064 321 3119 ct9r.'’
336 3063 363 3109 tt
379 3060 571 3124 addeneiddl,
588 3063 643 3111 412.
663 3064 732 3111 »Im-
764 3079 832 3111 rum:
853 3065 922 3112 Illud
944 3073 1009 3112 recte
1031 3074 1086 3114 est:
1109 3069 1202 3114 iterum
1223 3068 1263 3115 sio

237 3147 313 3212 prode
328 3163 395 3196 amor
408 3150 469 3212 quid
483 3165 540 3199 non.
562 3149 705 3198 Exclamatio
720 3166 735 3198 a
767 3157 892 3198 nomento.
909 3151 985 3199 Multo
1001 3151 1092 3200 scilicet
1107 3150 1223 3199 doctiores
1236 3161 1261 3200 et

242 3241 316 3299 poeta
337 3243 418 3280 contra
435 3249 549 3297 aurorem,
575 3243 600 3281 et
624 3233 668 3282 hoc
685 3243 735 3296 est,
768 3233 799 3283 ad
828 3235 945 3284 Poeticam
974 3238 1136 3286 instructiores
1162 3237 1262 3287 discedi-

231 3318 305 3385 quod
317 3320 428 3368 Horatius
443 3319 514 3368 dicit:
532 3321 584 3368 IIoc
598 3323 681 3367 amct”
699 3335 737 3367 ce·
769 3336 835 3382 mus,
853 3319 898 3368 hoc
920 3338 1004 3370 arcano
1024 3332 1150 3388 praecepto
1171 3325 1259 3374 onusti.

242 3413 303 3454 tera.
323 3406 351 3452 Et
364 3403 395 3453 ad
410 3421 444 3453 vs.
450 3405 507 3454 415.
522 3405 651 3453 »Frustra
663 3407 738 3452 mori·
769 3406 800 3453 dt
816 3423 894 3472 nuper
909 3408 942 3456 Gl.
964 3409 1098 3471 Dacicrins,
1124 3411 1168 3474 qui
1183 3411 1262 3461 locum

242 3499 314 3541 tura:
330 3493 436 3554 frustra
451 3509 480 3540 ex
496 3490 585 3539 iudicio
601 3500 684 3556 poetae
702 3488 739 3538 di·
770 3488 835 3539 hunc
856 3501 910 3540 ante
932 3509 985 3540 suas
1005 3491 1076 3540 Notas
1093 3491 1262 3545 difficillimum

242 3590 307 3633 ctum
324 3589 374 3642 est,
391 3588 420 3627 ut
434 3579 558 3640 Horatius,
576 3578 627 3626 Hoc
642 3579 735 3625 amet.”
768 3586 793 3625 at
814 3575 1003 3627 obscurissimum
1021 3578 1094 3627 fuisse
1116 3584 1260 3647 confitetur,

235 3668 301 3732 ΙΕπςο
317 3682 347 3715 ex
359 3665 436 3715 Servii
447 3665 566 3714 sententia
582 3662 627 3712 hoc
645 3664 735 3729 praeci·
767 3664 801 3712 sic
818 3662 918 3730 pulchre
934 3680 984 3711 rcm
1006 3663 1117 3730 expedire
1136 3666 1185 3716 sihi
1198 3671 1263 3718 visus

242 3752 280 3818 pit
295 3750 419 3813 Horatius,
435 3759 463 3798 ut
479 3758 550 3815 poeta
564 3763 732 3823 nonnunquam
766 3757 814 3811 est,
837 3764 890 3796 cum
907 3749 942 3796 ita
966 3743 1072 3799 inamata
1097 3763 1200 3818 spernat
1216 3758 1259 3805 hon

240 3853 272 3887 aa
294 3853 452 3903 personantia
471 3837 601 3902 loquatur,
620 3835 733 3885 serebas
765 3837 805 3883 vel
819 3836 898 3898 illaad,
922 3851 999 3901 neque
1016 3841 1094 3888 omnia
1117 3841 1259 3907 singillatim

240 3920 416 3985 intermisceat,
438 3938 506 3970 suum
522 3921 637 3971 iudicium
661 3923 735 3969 inter·
768 3930 912 3987 exequatur,
930 3938 990 3987 quac
1004 3926 1086 3989 quovis
1104 3925 1171 3973 modo
1185 3926 1210 3972 in
1223 3940 1260 3973 ar·

242 4016 323 4073 ροιιοῑ.
339 4007 421 4070 Vides,
442 4024 489 4074 quo
503 4006 614 4057 redactus
635 4009 683 4070 sit,
706 4016 734 4055 ut
766 4017 904 4072 gumeutum
920 4017 946 4056 et
961 4012 1120 4060 narrationem
1133 4011 1258 4061 incidunt.

240 4109 336 4145 nuum
360 4093 464 4162 aliquem
490 4093 641 4146 extunderet.
672 4093 731 4143 Nam
763 4094 928 4159 Norensem,
945 4098 966 4147 si
983 4099 1055 4146 Musis
1073 4097 1162 4163 placet,
1184 4104 1209 4143 et
1222 4097 1258 4143 in·
