2752 4844
535 407 596 470 aa
626 407 844 472 PISONES.

217 609 424 705 Delphinum
449 608 540 681 silvis
564 609 736 707 appingit,
761 607 923 682 fluetibus
948 630 1079 705 aprum.

100 848 101 852 ¹
181 827 256 877 Germ.
269 827 315 889 Il,
338 826 376 889 Il,
394 829 477 876 Multa
493 830 628 878 Dircaeum
641 832 674 879 te-
705 828 780 891 Sunt,
804 829 847 894 qui
870 826 938 876 nobis
960 823 1001 873 hic
1021 825 1107 874 Lexice
1130 841 1200 873 mon-

181 924 226 964 aat
241 931 304 963 eura
316 929 429 978 cycnum,
447 916 550 978 Tendit,
563 915 673 977 Antoni,
706 923 795 976 strent,
805 924 830 962 et
837 915 946 978 inprimis
953 910 1109 959 nobilissimos
1117 911 1198 959 Lexici

182 996 279 1064 quotiei
296 1001 325 1046 in
348 1000 412 1046 altos
435 999 545 1047 Nubiurn
567 1006 671 1048 tractus.
705 1008 811 1047 auctores
822 999 979 1046 Facciolatum
994 1006 1018 1043 et
1030 997 1197 1045 Foroellinum.

182 1101 227 1151 ego
250 1087 306 1150 apis
329 1087 444 1133 Matinae
467 1088 537 1134 More
560 1086 672 1149 modoque
703 1086 774 1149 Quasi
804 1102 859 1134 vero
884 1082 1047 1148 lexicographi
1071 1083 1126 1131 salli
1149 1099 1197 1131 non

186 1173 265 1219 [trata
280 1173 407 1236 carpentis
424 1173 591 1236 thyara—-
614 1171 675 1236 Quid
708 1173 811 1236 possint,
830 1172 921 1236 iisque,
938 1179 1057 1234 tamquam
1073 1170 1198 1218 Dictatori-
1249 1212 1251 1219 ,
1286 1238 1287 1241 ¹

182 1259 302 1307 nervosius
326 1265 351 1304 et
375 1257 501 1304 animosius
524 1258 583 1323 fingi
599 1259 672 1322 possit
704 1256 763 1320 bus,
785 1258 855 1304 unice
880 1253 1009 1320 parendum
1025 1255 1065 1302 sit.
1101 1251 1147 1300 set
1162 1253 1199 1300 ia·

183 1360 253 1410 quam
273 1342 316 1391 illa
335 1343 413 1407 priora
426 1344 510 1390 Multa
518 1341 672 1391 Dircaeum?
704 1345 830 1409 spiciamus
854 1341 1012 1390 Facciolatum
1040 1349 1064 1387 et
1087 1336 1198 1387 Forcelli·

181 1435 209 1481 Et
226 1441 304 1479 tamen
320 1431 346 1477 in
362 1431 465 1477 numeris
478 1447 567 1479 summa
583 1433 674 1479 leuitas
706 1447 775 1479 num:
801 1429 859 1496 quid
878 1428 993 1477 narrant?
1021 1429 1102 1474 Tutus
1124 1427 1198 1474 inter-

180 1526 288 1582 apperet.
325 1514 407 1561 Paullo
437 1518 543 1581 asperius
573 1526 608 1564 est
632 1531 675 1581 ogo
708 1515 763 1563 dum
789 1526 824 1564 est
843 1523 945 1576 ocutus,
963 1515 1092 1578 prudens,
1113 1528 1199 1561 sanus.

180 1604 252 1667 apis:
272 1602 298 1649 in
319 1598 357 1647 his
378 1609 457 1647 autem
479 1599 542 1648 nihil
566 1600 672 1662 nervosi,
705 1601 786 1647 Livius
804 1600 900 1660 mee.
919 1600 1059 1660 Celeriora,
1076 1614 1147 1661 paeane
1161 1605 1201 1645 tu·

180 1689 279 1738 animosi
294 1684 371 1747 nihil,
393 1686 455 1752 quod
471 1685 500 1734 ecl
516 1688 672 1749 sententiam,
707 1687 772 1732 tiore
787 1687 907 1746 consilia,
931 1687 1015 1749 magis
1023 1687 1139 1748 phrouere
1155 1685 1199 1733 du·

181 1776 332 1841 conspicitur.
362 1773 472 1837 Compara
494 1786 546 1817 cum
562 1771 668 1818 Horatia·
700 1772 776 1818 cibus.
795 1769 830 1818 ld.
847 1768 979 1831 mnes.
997 1771 1062 1816 Tuta
1078 1771 1199 1818 celeritas

181 1863 220 1910 nis
251 1860 395 1926 sapphicum
426 1857 513 1929 Catulli
537 1857 610 1905 Germ.
632 1856 674 1905 XI.
707 1858 822 1904 consitiis
830 1871 988 1920 praeponere.
1002 1855 1068 1904 ovid.
1077 1855 1200 1919 Tristlll,

181 1948 320 1998 Necmeum
336 1952 470 2010 respectet,
487 1951 597 2006 utente,
611 1960 675 1991 amo·
706 1956 752 2015 xn,
773 1945 813 1993 36.
844 1944 901 1992 Non
924 1945 979 1991 nisi
1009 1945 1107 1992 viciam
1132 1951 1203 1992 tutus

181 2052 249 2099 rem,
274 2037 325 2093 ose
339 2035 413 2082 errent
429 2034 499 2095 uua
513 2032 618 2092 seneen
636 2047 675 2078 u-
707 2033 888 2095 arenaeque.
903 2031 1204 2100 eneruauerunt
1278 2054 1281 2059 ⁴
1368 2017 1371 2023 ’

180 2126 221 2173 lut
232 2125 307 2188 prati
325 2123 415 2169 Ultimi
424 2121 488 2183 flos,
501 2124 677 2181 praetereunte
709 2119 779 2165 huni
813 2126 885 2166 tutus
902 2122 1023 2169 ‘nimium
1053 2124 1204 2186 timidusque

178 2218 309 2276 postquam
326 2210 418 2255 Tactus
434 2212 519 2252 aratro
535 2211 580 2251 ost.
605 2203 677 2250 Hore-
705 2206 836 2265 preeeliae.
854 2203 888 2252 Icl.
907 2206 1136 2271 sat.11,n1,137.
1162 2210 1204 2258 Eu

182 2300 232 2347 tius
246 2298 283 2344 ‘in
307 2312 333 2342 re
358 2289 442 2357 grandi
468 2289 576 2353 sequitur
597 2288 679 2348 levia,
713 2302 758 2349 qao
774 2294 813 2334 est
831 2289 932 2336 halitus
947 2295 1010 2339 mate
1027 2300 1095 2340 tutae
1110 2297 1203 2343 mentis

182 2385 288 2434 Catullus
309 2385 334 2431 in
356 2397 381 2429 re
402 2378 470 2426 tenui
485 2392 580 2441 aspero.
603 2376 675 2423 Leai-
710 2376 816 2424 Orestes.
849 2379 941 2426 Tutum
961 2387 1012 2442 eet,
1037 2380 1160 2445 prudentis
1176 2391 1201 2430 et

183 2481 224 2521 tas
246 2472 373 2519 Horatiana
397 2484 443 2514 non
464 2465 551 2512 minuit
572 2465 674 2529 gravita-
707 2464 771 2510 cauti
784 2473 826 2511 est.
844 2464 983 2530 Propert.l,
997 2477 1041 2527 xv,
1055 2468 1094 2514 42.
1115 2468 1202 2516 Onul·

181 2567 244 2620 tem,
259 2556 385 2618 asperitas
391 2549 524 2599 Catulliana
536 2550 678 2597 tenuitatem
711 2550 746 2595 lis
762 2555 843 2596 tutum
858 2551 954 2598 credere
971 2553 1122 2602 blanditiis!
1144 2556 1200 2604 Cum

180 2635 675 2702 nonextollit.lllustrioraqueedamapud
707 2637 833 2686 infinitivo.
863 2637 897 2687 ld.
918 2639 942 2703 1,
969 2653 1013 2703 xx,
1032 2644 1072 2691 61.
1101 2644 1200 2708 His,o

181 2728 282 2792 optimos
293 2726 419 2790 scriptores
429 2725 583 2773 inveniuntur
597 2739 675 2771 exem·
709 2724 792 2786 Galle,
815 2731 870 2772 tuos
890 2729 996 2776 monitis
1010 2732 1121 2779 seruabis
1135 2748 1200 2780 omo·

181 2812 237 2877 pla,
250 2813 276 2859 in
292 2809 379 2876 quihus
391 2810 504 2875 asperitas
512 2806 601 2855 soniad
609 2823 676 2873 espe-
707 2822 761 2870 res,
792 2809 932 2857 Formosum
958 2812 1082 2876 Nymphis
1103 2815 1200 2863 credere

181 2899 276 2946 ritatem
292 2898 329 2944 rei
344 2893 544 2956 accommodatur,
566 2910 673 2960 quaeque
707 2902 778 2943 tutus
786 2896 882 2960 Hylan:
897 2896 942 2945 hoc
951 2909 986 2946 est
994 2914 1080 2946 cavens
1087 2900 1198 2963 credere,

181 2993 307 3051 propterea
328 2999 342 3031 e
362 2981 496 3046 magistris,
517 2981 605 3046 quide
622 2992 673 3030 erte
707 2982 916 3044 εὐλαβούμενος.
937 2984 999 3033 Haec
1014 2986 1158 3034 Faccioletus
1174 2996 1199 3035 et

180 3072 339 3137 scripserunt,
364 3069 481 3127 citantem
507 3068 548 3116 sed
568 3086 595 3118 ee
616 3079 672 3118 sunt
703 3068 924 3120 Forcellinus.'Secl
944 3073 1037 3121 nullum
1062 3074 1198 3139 exemplum

179 3176 241 3210 rara.
266 3157 324 3206 Nam
345 3157 367 3205 si
390 3164 474 3222 poetae
498 3154 588 3220 ubique
609 3155 672 3203 fece·
703 3171 758 3204 vere
776 3155 861 3222 prohat
877 3156 916 3219 id,
930 3155 1142 3223 quodposuerunt,
1160 3165 1200 3206 tu-

180 3256 248 3309 rent,
267 3255 328 3294 esset
343 3243 491 3293 affectatum.
708 3249 760 3290 turn
791 3245 923 3308 significare
943 3245 1097 3308 prudentem.
1133 3248 1200 3294 Tuta

213 3334 301 3398 Serpit
316 3333 386 3380 huni
402 3338 472 3378 tutus
487 3331 593 3378 nimium
605 3331 674 3379 timi·
705 3332 811 3378 consile'a
832 3341 887 3379 sunt
904 3348 944 3394 ea,
969 3347 1029 3397 quae
1046 3341 1099 3379 tuto
1114 3349 1198 3399 sequa-

180 3419 271 3487 cia-sque
287 3420 417 3484 procellae.
449 3420 529 3465 Tutus
548 3416 608 3465 mihi
623 3434 674 3466 cor·
704 3419 751 3480 ris,
776 3434 836 3483 quae
861 3429 885 3467 te
908 3420 934 3466 in
955 3428 1008 3467 tuto
1029 3418 1196 3483 collocabunt,

179 3518 277 3574 ruptum
294 3524 342 3556 esse
355 3505 457 3554 videtur.
475 3505 672 3570 Interpreteeex·
704 3505 874 3571 quesnellum
896 3505 943 3554 tibi
964 3505 1096 3571 periculum
1120 3515 1197 3555 osten-

180 3594 271 3659 plicant
290 3593 408 3658 prudens.
441 3591 530 3655 Nemo,
554 3602 669 3657 quantum
702 3591 769 3640 dunt.
786 3594 860 3641 Locum
868 3592 945 3642 Ovidii
959 3591 1195 3658 integeropponicle-

180 3681 251 3741 novi,
272 3679 310 3727 vel
326 3677 444 3742 ostendit,
465 3677 580 3744 quomodo
598 3685 669 3726 tutus
700 3677 743 3726 bet
751 3688 779 3727 ut
789 3679 952 3744 intelligatur:
967 3679 992 3727 Si
1000 3679 1193 3744 nevite,inquit,

181 3763 311 3827 significare
346 3766 451 3828 potuerit
477 3765 604 3828 prudens,
634 3764 673 3813 vel
705 3764 766 3829 huc,
790 3766 888 3828 Tomos,
909 3768 1003 3827 veniat,
1027 3756 1114 3829 rogaho
1131 3765 1194 3815 unde

180 3848 243 3897 iusta
266 3853 407 3900 auctoritate
424 3852 577 3901 confirmavit.
603 3851 672 3900 lete·
702 3845 807 3900 venerit:
833 3854 880 3900 Ille
899 3852 994 3915 quidem
1014 3851 1106 3898 minem
1121 3855 1151 3900 ni
1166 3854 1196 3903 de

180 3953 218 3984 res
249 3934 392 3986 scholiastae
424 3937 517 4004 aliquid
548 3938 669 3989 dixerunt.
702 3941 802 4004 regione
811 3941 950 4003 propiorque
963 3939 1086 3986 Nonnisi
1097 3941 1197 3990 oioim

179 4024 267 4072 Acron:
286 4023 330 4086 qui
345 4039 371 4070 ee
387 4026 455 4071 teceri
470 4027 538 4085 vult,·
553 4024 671 4073 Commen-
704 4032 775 4073 tutus
788 4026 872 4071 ararit
885 4040 968 4088 aquus.
987 4024 1070 4071 Rarus
1082 4027 1197 4075 atltate‘o

181 4121 256 4160 teter:
286 4110 331 4174 pue·
353 4109 404 4157 siti
427 4108 482 4158 cett
505 4125 558 4160 esse
582 4119 671 4162 tutum.
705 4119 802 4160 tontum
825 4125 893 4158 encre
912 4113 1001 4162 nauita
1022 4116 1129 4163 tmnsit:
1151 4113 1197 4163 hoo
