2752 4844
527 373 586 432 nl)
617 373 833 471 placans.
1130 377 1186 437 169

174 548 268 605 vinculo
284 552 457 603 connecterent.
474 552 540 617 Quod
555 555 629 618 igitur
642 555 667 600 in
732 554 834 619 Epistola
842 552 872 602 ad
878 555 969 604 Pisones
977 556 1094 605 efficiebat
1102 566 1193 622 partem

173 640 279 690 versibus
296 642 385 689 latinis
401 639 496 701 deerat,
518 638 563 687 hoc
579 638 618 686 illi
633 641 669 687 in·
701 639 836 688 Sermonum
847 641 1193 708 etEpistolarum,brevipost·

173 725 324 792 terpretanclo
334 725 445 791 supplere
459 725 609 773 conatisuut.
626 725 670 772 Ua·
702 740 772 789 quam
780 726 871 773 Horatii
883 743 953 792 opera
969 729 1110 777 coniunctim
1127 738 1194 776 erant

174 811 203 861 de
225 814 282 859 satis
306 821 418 877 apparet,
441 809 499 875 quid
519 809 548 857 de
565 808 671 858 disiectis
703 809 776 858 edita.
805 811 904 859 Romani
923 811 1043 878 legentes,
1063 814 1193 862 utilitatem
1252 874 1255 881 =

173 906 257 962 poetae
279 895 390 945 membris
410 896 575 945 iudicaverint.
598 896 669 943 Neer-
701 897 1066 963 argumentiperspiciebant,et
1076 899 1193 964 Epistola,

172 981 239 1031 landi
258 981 343 1032 bonam
360 982 475 1048 Epistulae
491 981 668 1047 interpretatio·
700 982 748 1029 iam
761 981 815 1030 aliis
827 982 935 1032 omnibus
947 984 1051 1050 longior,
1068 986 1195 1050 separatim

174 1085 228 1116 nem
243 1085 291 1117 non
304 1067 425 1117 babemus.
441 1066 669 1134 Bilderdylriusnon
701 1065 893 1131 describebatur,
916 1080 942 1129 et
966 1069 1103 1135 opusculum
1123 1087 1195 1136 pecu-

174 1156 290 1216 tentavit,
304 1171 365 1202 unus
379 1155 496 1216 omnium,
510 1154 553 1218 qni
565 1169 670 1218 unquam
701 1152 761 1200 liare
777 1151 918 1204 habebatur.
935 1157 968 1204 Ex
976 1172 1022 1221 quo
1030 1167 1110 1205 autem
1116 1156 1195 1204 Gram-

174 1238 238 1312 apud
253 1256 295 1288 nos
311 1241 392 1302 fuere,
413 1239 470 1287 huic
487 1240 553 1304 operi
569 1238 669 1287 maxime
701 1240 783 1286 matici
804 1239 830 1286 in
845 1239 909 1288 ludis
926 1242 1093 1307 explicabant,
1115 1242 1196 1307 appel-

173 1325 279 1375 idoneus.
294 1325 340 1373 Sed
352 1327 373 1374 si
385 1342 446 1374 unns
455 1341 546 1386 eorum,
557 1325 600 1390 qui
607 1340 669 1373 nunc
702 1323 812 1372 laverunt
820 1325 908 1374 librum
917 1364 924 1390 ,
933 1328 967 1376 sic
976 1328 1013 1375 uti
1022 1338 1084 1391 erat,
1094 1329 1196 1392 Episto-

173 1420 244 1474 sunt,
266 1410 371 1459 versibus
387 1409 524 1459 Neerlandis
539 1409 668 1458 Romanum
701 1411 751 1457 lam
766 1410 799 1458 ad
806 1411 923 1474 Pisoraca,
935 1413 976 1461 sed
987 1413 1089 1462 alterum
1098 1413 1195 1461 titulum

174 1513 268 1545 carmen
283 1475 411 1558 redderet,
431 1498 465 1559 is,
489 1494 572 1558 credo,
589 1494 670 1544 eadem
702 1493 814 1543 addidere
823 1497 1196 1561 sendedrtePoetica.Similia,

174 1581 316 1632 difficultate
331 1581 500 1648 impediretur,
525 1598 572 1648 qua
587 1582 669 1628 Franci
700 1590 775 1645 puto,
788 1581 1197 1649 exemplahabemnsinduplicibus

135 1679 137 1682 '
175 1677 200 1717 et
221 1669 330 1716 Germani
347 1684 372 1715 sc
391 1666 516 1733 impeditos
536 1675 667 1715 senserunt.
702 1665 781 1714 titulis
794 1665 930 1715 fabularum
942 1669 1096 1733 Graecarum,
1112 1672 1159 1718 iam
1172 1673 1197 1718 iu

174 1752 236 1817 Quid
256 1752 332 1802 dicam
348 1751 377 1800 de
393 1754 487 1823 ingenti
501 1752 670 1800 Commentato-
701 1751 877 1817 Epicharmeis,
894 1755 920 1802 in
936 1755 1039 1803 Platonis
1055 1757 1198 1818 Phaedone,

174 1855 227 1886 rum
240 1855 351 1911 numero,
362 1840 405 1904 qui
417 1837 478 1886 banc
489 1837 615 1902 Epistulam
628 1855 670 1885 an·
701 1838 727 1886 in
743 1837 859 1886 Ciceronis
871 1840 956 1888 Laelio
965 1850 989 1888 et
998 1841 1103 1903 Catone,
1117 1843 1143 1889 in
1152 1844 1198 1889 Ta·

145 1956 148 1963 »
174 1923 337 1973 notationibus
352 1924 549 1972 illustraverunt?
566 1924 667 1981 Horum,
702 1923 752 1972 citi
764 1925 884 1990 Dialogo,
898 1926 952 1974 sive
967 1927 996 1974 de
1008 1929 1105 1975 caussas
1117 1941 1198 1975 eomu-
1218 1945 1220 1951 ·

175 2019 233 2075 quot
248 2019 304 2058 sunt
320 2011 415 2075 capita,
432 2018 468 2057 tot
482 2010 532 2057 sere
549 2018 604 2057 sunt
620 2025 672 2056 sen·
698 2015 761 2073 ptoe
781 2012 948 2074 eloquentiae,
970 2011 1032 2061 aliis.
1057 2012 1150 2061 Titulus
1170 2012 1199 2059 de

175 2097 274 2146 tentiae.
304 2095 371 2160 Quod
392 2097 446 2144 fieri
466 2096 604 2161 neutiquam
620 2104 673 2158 pot·
704 2095 767 2144 Arte
775 2097 877 2144 Poetica
885 2099 983 2161 mansit,
996 2100 1062 2164 isque
1073 2099 1200 2162 iamQuin·

175 2183 262 2244 uisset,
272 2218 276 2227 .
287 2183 320 2249 si
330 2198 411 2229 revera
434 2181 535 2244 simplex
557 2189 582 2227 et
597 2195 671 2227 unum
703 2180 784 2228 tiliani
805 2191 883 2230 aetate
899 2183 971 2248 vulgo
987 2183 1118 2233 ferebatur.
1140 2185 1200 2248 Quia

176 2277 237 2316 esset
252 2266 332 2315 libelli
348 2266 486 2327 consilium,
506 2275 531 2313 et
547 2273 673 2330 praecepta
705 2265 809 2328 Epistola
829 2283 871 2331 pro
888 2265 950 2315 libro
965 2269 1082 2333 peculiari
1094 2268 1199 2317 habeba·
1287 2255 1290 2260 ’

174 2352 222 2402 alia
243 2369 272 2401 ex
288 2351 343 2401 aliis
358 2361 413 2417 apte
431 2350 618 2412 deducerentur,
635 2359 672 2398 at·
704 2359 760 2413 tur,
791 2368 805 2399 a
828 2351 911 2401 multis
934 2353 1078 2403 editionibus
1102 2372 1199 2420 operum

174 2455 221 2504 que
246 2440 310 2487 inter
330 2438 490 2504 principium,
520 2435 624 2484 medium
646 2444 671 2483 et
702 2436 1200 2506 Horatianornmaberat.Hinc,quipostea

173 2527 245 2574 finem
267 2540 294 2573 ea
315 2525 490 2589 conspiceretur
505 2520 670 2583 necessitudo,
703 2514 912 2572 suis'editionibus
928 2523 1062 2588 addebant,
1084 2525 1127 2574 alii
1142 2525 1199 2586 hic,

173 2626 244 2677 qnam
268 2612 318 2675 ipse
338 2610 448 2659 Horatius
472 2606 594 2657 Pisonibus
610 2624 672 2656 com·
703 2607 747 2656 alii
756 2607 808 2656 illic
816 2608 983 2674 apponebant,
994 2613 1130 2677 etreperias
1138 2628 1200 2660 nunc

174 2695 278 2745 mandat.
310 2694 419 2744 Ordinem
445 2696 520 2759 igitur
543 2709 670 2754 versuum,
703 2701 756 2757 post
778 2693 874 2758 Epodos
892 2704 917 2743 et
936 2697 1038 2745 Carnicae
1054 2699 1198 2759 Saeculare,

174 2781 259 2847 culpa,
275 2798 323 2829 uon
335 2781 440 2842 Horatii,
454 2778 495 2827 sed
511 2779 625 2840 aliorum,
642 2787 670 2825 ut
702 2794 766 2825 nunc
779 2777 880 2828 mediam
893 2782 956 2830 inter
969 2783 1099 2845 Epistulas
1111 2792 1135 2831 et
1143 2785 1200 2831 Sar·

175 2877 248 2932 puto,
273 2865 409 2928 turbatum,
428 2866 554 2913 restituere
570 2862 670 2926 studui,
702 2879 796 2927 mortes,
813 2881 875 2914 nune
889 2866 957 2917 alibi.
976 2869 1051 2917 Huius
1066 2853 1198 2917 inconstan-

176 2962 201 3001 et
225 2951 360 3016 exemplum
380 2949 461 3013 edidi,
486 2950 556 3017 quale
573 2949 670 3015 abipso
703 2951 752 2999 tiae
775 2949 914 3001 documenta
931 2952 1038 3002 videmus
1054 2956 1080 3003 in
1095 2954 1156 3002 MSS.
1174 2964 1199 3003 et

174 3047 245 3104 poeta
254 3039 345 3102 concipi
350 3037 453 3102 potuisse
462 3033 602 3084 arbitrabar.
609 3036 671 3083 Non·
680 3099 681 3103 Ἰ
702 3037 784 3101 primis
794 3038 908 3103 exemplis
916 3056 959 3104 per
968 3040 1149 3106 typographiam
1159 3057 1199 3089 ex·

174 3123 238 3172 nulli
253 3132 308 3171 ante
325 3138 362 3170 me
377 3121 498 3187 vulgatum
515 3120 620 3175 ordinem
632 3120 673 3170 bic
704 3123 798 3186 pressis.
823 3122 869 3171 Sed
887 3124 944 3173 libri
963 3134 1069 3174 veterum
1085 3143 1200 3192 nusquam

175 3210 228 3259 illic
244 3218 373 3257 mutavere.
399 3209 463 3274 Ego,
480 3217 508 3255 nt
524 3207 594 3272 plane
610 3205 674 3255 liber
705 3208 779 3272 magis
795 3208 1004 3275 corrumpebantur
1024 3229 1094 3278 quam
1109 3214 1136 3262 iu
1151 3229 1199 3261 ma-

175 3306 200 3345 et
213 3312 279 3344 meus
293 3311 380 3357 essem,
396 3310 443 3342 non
455 3294 561 3359 inspexi,
575 3294 622 3341 nisi
630 3291 671 3341 ab·
702 3291 773 3341 nibus
784 3293 1005 3359 Grammaticorum,
1015 3315 1054 3346 eos
1066 3300 1092 3347 in
1101 3297 1164 3347 ludis
1174 3308 1199 3346 et

173 3381 251 3430 soluto
261 3397 331 3448 opere
340 3397 400 3429 meo.
408 3380 457 3428 Hoc
466 3388 529 3427 certe
542 3378 602 3427 mihi
612 3377 671 3427 effe·
702 3377 789 3427 scholis
803 3381 1020 3447 interpretantium.
1038 3385 1086 3432 lam
1096 3386 1198 3450 primum

174 3470 232 3518 cisse
240 3464 534 3531 videor,utEpistola,sic
542 3463 669 3530 disposita,
701 3465 737 3513 ita
761 3466 1126 3531 frequentiusdescribebantur.
1148 3470 1198 3533 Quo

125 3561 130 3570 '
174 3555 221 3602 iam
241 3553 354 3602 facillime
376 3551 406 3601 ab
423 3550 531 3599 omnibus
547 3550 669 3616 intelliga—
700 3550 851 3617 frequentius
863 3564 942 3602 autem
956 3553 1081 3620 descripti,
1098 3553 1198 3603 hecma-

174 3649 222 3688 tur.
232 3640 314 3705 Inqua
321 3657 347 3687 re
355 3656 402 3688 non
409 3654 491 3686 vereor
499 3653 529 3685 ne
537 3652 623 3702 paucos
630 3636 673 3684 ha·
705 3639 741 3703 gis
761 3640 867 3704 corrupti
881 3639 1015 3705 prodibant.
1038 3641 1108 3689 Pueri
1123 3640 1199 3689 multa

173 3722 268 3772 biturus
282 3727 326 3772 sim
341 3724 401 3773 mihi
413 3725 579 3773 assentientes:
593 3738 670 3788 neque
703 3722 732 3771 de
756 3724 812 3773 Arte
836 3725 930 3774 Poetica
950 3744 997 3775 non
1020 3725 1197 3792 intelligebant.

173 3819 254 3858 tamen
267 3808 364 3872 iisdem,
377 3807 528 3875 rogantibus,
543 3824 589 3873 quo
602 3805 669 3856 modo
701 3809 852 3858 Grammatici
861 3822 987 3877 praecepta
999 3821 1151 3877 excerpentes
1164 3814 1199 3862 sa-

174 3894 235 3942 haec
253 3893 356 3959 Epistola
373 3892 479 3942 semibus
493 3891 554 3941 adeo
570 3890 672 3942 turbatis
704 3894 786 3942 ciliora
807 3897 923 3960 primum,
945 3895 1030 3946 deinde
1047 3896 1197 3961 difficiliora,

175 3980 294 4044 corrumpi
310 3980 432 4044 potuerit,
454 3994 501 4026 non
516 3976 591 4026 habeo
608 3978 671 4045 qnod
704 3978 869 4044 explicabant,
883 3980 1021 4045 dictabant,
1036 3982 1141 4034 ordinem
1158 4002 1199 4033 ro·

172 4063 334 4132 respondeam.
700 4062 837 4113 cabalorum
853 4065 884 4114 ad
899 4067 1085 4133 intelligentiam
1101 4071 1197 4120 celerio-
