2752 4844
543 390 604 452 Au
634 390 850 452 rlsoltus
1137 393 1198 455 219

192 598 239 668 Ut
259 603 373 690 gratos-
390 593 476 664 inter
496 613 626 662 mensas
648 592 847 688 symphonia
867 593 994 664 discors
1114 599 1194 665 tte.

191 714 386 787 Etcressum
395 717 604 805 unguentum
613 711 758 782 etSerdo
766 736 844 782 cum
853 698 1195 807 mello'popaverert.

121 863 124 871 ·
191 832 396 919 Offendunt,
420 836 549 925 poterut
570 830 650 900 duci
670 832 749 923 quia
772 854 874 902 coena
895 832 964 901 sine
983 832 1071 901 istis:
1113 837 1194 901 376.

191 952 247 1022 Sic
265 951 382 1021 animis
398 957 515 1019 natum
533 949 773 1041 inventumque
791 972 911 1044 poema
929 949 1096 1041 iuvandis,
1114 954 1194 1020 377.

192 1069 227 1139 Si
247 1069 402 1165 paullum
421 1091 439 1138 a
457 1088 589 1137 summo
609 1065 765 1156 decessit,
791 1071 897 1162 vergit
914 1067 957 1138 ed
975 1071 1090 1161 imum.
1114 1075 1159 1138 37
1163 1079 1195 1138 8.

653 1260 734 1330 vll.

189 1423 322 1495 Ludere
342 1425 402 1518 qni
421 1425 541 1521 nescit,
560 1420 803 1514 campestribus
821 1420 966 1493 obstinet
982 1426 1098 1517 ermis,
1115 1433 1196 1496 379.

190 1541 417 1635 Indoctusque
437 1541 524 1636 pilae
548 1540 670 1610 discive
692 1539 842 1611 trochive
863 1543 1023 1634 quiescit,
1114 1550 1195 1615 380.

188 1661 237 1732 Ne
258 1661 381 1753 spissae
405 1660 509 1728 risum
532 1658 655 1728 tollant
676 1659 813 1752 impune
837 1682 995 1730 coronae:
1114 1670 1196 1734 381.-

187 1778 256 1866 xQui
271 1758 392 1868 nescit,
410 1799 524 1848 versus
537 1783 648 1846 tamur
666 1775 767 1848 nudet
785 1776 927 1871 fingere!
945 1777 1095 1867 Quidni?
1114 1789 1193 1852 383.
1261 1830 1266 1836 -

187 1893 289 1966 Liber
304 1903 339 1967 et
352 1897 539 1989 ingenuus,
559 1896 753 1989 praesertim
769 1919 891 1967 census
907 1907 1094 1991 equestrem
1114 1909 1195 1970 383.

188 2014 360 2084 Summam
374 2036 610 2105 nummorum,
626 2015 773 2108 vitioque
785 2025 935 2085 remotus
946 2016 990 2086 ab
1003 2018 1104 2099 omni.
1114 2028 1193 2089 384.

188 2131 240 2202 Tu
260 2132 344 2202 nihil
369 2134 472 2202 invite
491 2132 582 2207 dices
607 2132 749 2202 faciesve
769 2131 936 2219 Minerva,
1113 2143 1195 2207 385.

187 2250 227 2322 Id
242 2249 303 2320 tibi
319 2249 481 2320 iudicium
494 2259 563 2339 est,
582 2273 620 2319 ee
633 2271 741 2320 mens:
760 2250 787 2318 si
800 2249 882 2343 quid
895 2259 1006 2323 tamen
1019 2251 1100 2322 olim
1112 2264 1194 2326 386.

181 2469 230 2534 Bt,
245 2473 421 2534 nonhome‘nes,
438 2483 676 2522 oooemeosereoo-
741 2473 785 2520 Sic
805 2475 899 2521 animis
921 2481 1008 2522 netum
1030 2477 1203 2542 inventumque

182 2559 284 2606 mooe.
298 2557 372 2624 quue
385 2557 507 2605 honestius
516 2567 540 2604 et
549 2557 679 2623 megisusi-
707 2573 793 2622 poento
808 2559 933 2609 iuvandis.
950 2559 1015 2609 Adde
1031 2560 1090 2610 lotis
1105 2579 1174 2628 snpra
1189 2581 1205 2613 tt

177 2649 265 2691 utum.
282 2643 361 2692 Livius
374 2642 405 2705 V,
422 2644 463 2690 49.
482 2643 531 2690 Sed
541 2643 636 2703 Diique
651 2649 678 2689 et
709 2659 747 2689 me
764 2643 842 2692 allatis
850 2645 949 2707 Quintil.
959 2646 1037 2695 Instit.
1046 2647 1108 2696 Orat.
1117 2649 1143 2711 Υ,
1152 2661 1203 2712 xlv,

178 2728 290 2775 moes
301 2729 448 2790 prohihuere
463 2727 583 2773 redemtos
595 2727 678 2772 eicere
710 2728 750 2774 33.
776 2726 807 2773 Ut
829 2742 858 2774 ea
876 2730 946 2775 cased
964 2737 989 2775 et
1004 2731 1061 2793 epse
1071 2735 1204 2795 provenire

179 2811 309 2861 domnos
336 2813 374 2860 Sic
397 2810 468 2875 vulgo
480 2809 573 2857 »dicitnr
595 2822 679 2857 rerum
711 2817 804 2857 namra
816 2827 864 2858 non
876 2827 949 2861 manu
950 2814 1040 2878 facto,
1056 2824 1083 2864 et
1095 2824 1150 2864 orte
1163 2834 1203 2867 su·

179 2889 323 2945 divinarunt
337 2897 541 2957 inmissorumque
559 2896 677 2958 cognitio.
710 2903 806 2959 specto,
815 2899 965 2962 magistrum
971 2900 1059 2962 fateri
1067 2903 1154 2969 ubique
1166 2905 1202 2952 vi-

178 2982 208 3030 Et
224 2983 317 3029 omnino
330 2980 413 3028 melior
431 2977 552 3027 descendit
567 2978 673 3044 gradatio
706 2981 801 3031 deutur.

178 3065 228 3129 Bt,
246 3068 366 3128 honines,
384 3067 513 3112 columnae.
533 3065 657 3115 Praetereo

177 3153 199 3200 si
214 3150 272 3217 quid
288 3166 344 3199 sono
360 3149 529 3211 tribuendum,
543 3159 610 3198 sonat
623 3164 675 3199 sue·
925 3154 982 3205 ΠΙ,

176 3239 230 3285 vius
253 3238 310 3285 Non
325 3234 372 3298 Dt,
393 3252 441 3283 non
457 3237 578 3297 honines,
603 3251 673 3301 quom

176 3323 234 3371 ’Νωι
251 3324 372 3384 hmines,
389 3336 437 3368 oon
452 3318 496 3368 Di.
708 3322 746 3369 Et
759 3329 841 3370 tomen
853 3327 1018 3390 unisquisque
1028 3330 1200 3396 moussom't,

212 3407 245 3456 Ut
261 3414 352 3474 gratos
369 3409 439 3454 inter
453 3420 550 3453 mensos
565 3408 674 3470 sympho-
730 3410 841 3471 quamvis
867 3426 915 3458 non
939 3413 1071 3475 didicerit,
1102 3429 1177 3481 stoque

176 3496 223 3543 nia
238 3495 340 3542 discors.
360 3493 463 3540 Fortasse
480 3493 621 3555 symphonia
635 3492 673 3540 di·
759 3495 864 3542 oliorum
879 3498 1001 3546 iteds'oo'um
1017 3504 1148 3565 cognoscit.

177 3595 244 3628 soors
259 3579 331 3628 aliter
343 3579 420 3642 accipi
433 3586 524 3642 potest,
542 3592 612 3641 quarn
627 3578 673 3624 Ho-

176 3665 252 3712 ratius
267 3663 370 3712 volebat.
388 3663 445 3711 Nem
458 3664 478 3710 si
491 3661 630 3728 symphonia
643 3665 675 3711 sit
741 3664 834 3713 Census
848 3677 983 3730 equestrem
999 3670 1123 3720 &mmm
1131 3688 1200 3722 num·

176 3764 207 3796 cx
223 3749 294 3796 variis
315 3748 477 3796 instrumentis
498 3757 523 3796 et
538 3748 608 3795 variis
624 3763 672 3795 mo·
703 3763 804 3798 morum
822 3750 875 3801 cod.
890 3753 1004 3820 flooring.
1023 3772 1116 3805 mmm
1131 3772 1200 3807 nto»

177 3831 228 3894 dis,
247 3849 295 3881 esse
309 3831 380 3881 dehet
394 3832 480 3880 discors
494 3831 629 3894 concordie,
647 3843 672 3880 et
704 3850 804 3883 motum.

177 3916 293 3967 discordis
309 3934 411 3966 concors.
428 3919 465 3965 lte
480 3917 579 3981 Quintil.
594 3917 671 3967 Instit.
738 3922 777 3967 Tu
805 3921 874 3968 uiuit
897 3925 981 3970 invito
1005 3925 1071 3974 dices
1086 3927 1200 3987 faciem

175 4002 669 4067 ont.1‚1o.1>tesemitiomoowordia,
702 4004 826 4053 Minerva.
851 4006 897 4055 MS.
922 4006 1093 4061 Brencknrsnn.
1111 4012 1197 4073 Μαι

177 4104 248 4153 quum
264 4095 350 4136 vocam
366 4087 503 4152 ἁρμονίαν.
704 4088 806 4137 diceros.
