2752 4844
184 399 243 462 108
448 401 660 463 uouffll
691 398 936 460 aristote

208 603 248 673 ln
269 589 404 675 scenam
425 604 543 674 missos
567 626 645 673 cum
670 626 792 696 magno
815 601 963 698 pondero
987 624 1122 692 versut,

175 827 232 876 aede
254 828 359 877 secunda
388 827 488 876 Celeret
512 834 558 876 aut
583 832 672 889 quarta
704 841 748 873 ern
762 826 868 873 crimine
885 839 970 890 operae
985 825 1204 890 celeriaetnegli-

176 919 285 961 eeataoe.
299 914 400 962 Sedltic
413 920 438 961 et
451 914 480 960 in
495 910 557 961 Acci
565 928 600 978 sq.
617 912 674 959 ini·
701 911 797 976 gentic.
821 911 857 958 in
877 926 963 958 veronae
982 927 1007 958 se
1028 910 1075 975 ipsi
1091 911 1201 971 faciunt,

175 998 295 1048 madverte
308 997 672 1047 insocmumuetsaxtatu
705 992 821 1044 et*metri
842 1011 921 1043 curam
941 994 1045 1054 habent3
1068 1005 1097 1043 ut
1113 996 1202 1043 crimen
1284 1008 1290 1015 ·

175 1084 228 1132 SED
237 1101 286 1132 eme
295 1083 395 1133 eundem
403 1085 527 1133 literarum
534 1100 669 1140 numerum3
704 1084 809 1131 incuriae
826 1082 897 1146 ipsis,
919 1098 966 1129 non
979 1083 1070 1129 auctori
1086 1081 1203 1146 impingu-

175 1168 318 1237 atqueillud
330 1168 467 1220 adverbium
482 1171 611 1217 socialiter
623 1169 674 1216 lon·
706 1169 764 1217 tur?
787 1169 885 1216 Iamlroe
900 1184 968 1230 vero,
990 1169 1087 1232 inquit,
1103 1174 1203 1215 accusat

174 1256 298 1322 gemelius
314 1254 395 1318 abest,
412 1272 465 1303 cum
473 1245 616 1320 praecedant
624 1253 671 1303 duo
703 1269 789 1301 aereae
809 1270 863 1301 cam
877 1269 965 1318 niagno
975 1253 1083 1317 pmadera
1098 1254 1203 1301 missae:

110 1325 114 1332 '
174 1339 292 1391 adiectiva
322 1339 385 1389 idem
409 1340 582 1406 significantia3
613 1356 674 1405 quae
707 1338 835 1405 quomodo,
852 1337 933 1401 sodes,
949 1340 971 1386 is
985 1347 1080 1386 accusat
1095 1346 1138 1386 aut
1153 1339 1204 1386 cri-

173 1427 231 1475 aiin
244 1424 355 1474 adverbia
367 1435 457 1488 mutes,
471 1435 500 1473 ut
509 1425 614 1491 vulgaria
627 1425 673 1474 lin-
703 1426 771 1472 mine
778 1426 888 1489 proruit,
899 1426 942 1490 qui
954 1442 1001 1472 uon
1010 1421 1203 1488 apparet?llaec

174 1528 235 1578 guae
250 1496 312 1559 ratio
328 1510 464 1576 postulabat
477 1514 579 1574 mutari,
597 1522 621 1559 et
634 1528 672 1558 co·
704 1520 729 1559 et
744 1512 770 1559 in
786 1511 883 1576 vulgata
897 1521 921 1558 et
936 1512 962 1558 in
978 1511 1103 1558 Heinsiaua
1119 1509 1204 1558 distin·

175 1596 271 1663 gitanio
284 1596 410 1646 efferamur
423 1607 543 1663 tamqnam
556 1613 584 1645 ea
597 1607 675 1645 essent
706 1599 783 1645 ctione
796 1597 856 1645 vitia
871 1606 939 1654 sunu
957 1595 1038 1663 qualia
1051 1595 1145 1661 quidem
1158 1612 1204 1644 nee

179 1681 305 1746 adverbia,
321 1682 420 1731 habebis
435 1684 566 1745 cmmode,
575 1685 679 1747 pariere
707 1681 804 1730 defendi
812 1699 856 1730 uec
865 1682 971 1730 excusari
982 1691 1087 1745 ponunt.
1100 1682 1135 1731 Tu
1146 1698 1203 1730 vero

174 1776 227 1832 ter,
240 1770 376 1817 socialiter.
391 1770 422 1816 Ea
440 1779 475 1817 eat
488 1768 601 1817 bonitatis
614 1770 672 1816 iam-
703 1785 795 1815 mecum
811 1767 864 1832 lege
881 1776 906 1814 et
919 1766 1051 1831 distingue:
1069 1768 1119 1815 llic
1132 1774 1159 1815 et
1172 1768 1204 1814 in

174 1853 243 1903 beiae
259 1856 333 1902 nimia
349 1853 462 1902 laudatio.
705 1851 766 1903 Aeci
790 1853 921 1903 Nobilibus
953 1853 1080 1900 trimetris
1099 1861 1204 1916 appmret

206 1942 237 1989 In
266 1956 362 1988 scenam
389 1943 478 1987 missae
508 1955 597 2005 magno
619 1955 673 1986 cam
706 1955 779 1986 raras
802 1945 828 1985 et
852 1938 929 1987 Ertni.
952 1940 983 1987 In
998 1955 1096 1986 scenam
1109 1941 1203 1987 micum

170 2026 277 2090 pondere
298 2041 390 2073 verene.
412 2025 455 2073 Hic
478 2024 560 2088 locus,
585 2025 675 2090 siquis
706 2040 760 2072 cam
774 2025 974 2089 magnoponalore
988 2041 1074 2073 aereae
1085 2025 1139 2073 Ant
1150 2041 1204 2089 ope·

174 2110 236 2160 alius
248 2112 274 2158 in
287 2110 331 2159 hoc
345 2120 455 2173 auctore,
471 2127 518 2158 nou
528 2121 629 2174 parum,
645 2119 674 2157 ut
705 2125 748 2159 rae
758 2111 865 2159 nimiam
877 2112 966 2159 celcris
978 2128 1013 2178 sq.
1026 2111 1082 2158 Cum
1094 2109 1202 2174 Iambus,

175 2199 211 2246 ait
226 2197 291 2262 ipse,
309 2197 335 2245 D.
350 2197 472 2243 Heinsium
486 2196 605 2244 exercuit:
624 2196 674 2245 alie
705 2180 803 2262 inquit,
826 2213 855 2244 ex
877 2198 935 2245 artis
953 2207 978 2246 et
993 2199 1094 2246 musicae
1111 2198 1202 2244 ratione

174 2291 202 2331 at
218 2284 248 2330 in
263 2280 326 2331 Aeci
340 2283 463 2329 nolililae
486 2283 613 2329 trimetria
628 2297 671 2345 ap·
702 2291 740 2330 ter
755 2284 781 2331 iu
805 2299 946 2349 unoquoque
967 2286 1074 2333 trimetro
1089 2299 1203 2349 apparere
1247 2265 1253 2273 Ι

169 2376 247 2434 paret
268 2354 342 2417 rurale
367 2376 393 2416 et
419 2364 496 2416 Enni.
526 2369 558 2416 In
577 2383 673 2415 coenam
705 2366 805 2430 debeat,
819 2370 844 2415 in
857 2367 959 2417 secunda
972 2369 1064 2417 scilicet
1081 2379 1106 2417 et
1119 2377 1204 2434 quarta

173 2457 263 2503 missae
281 2469 369 2519 niagno
384 2469 438 2501 cum
449 2453 557 2518 pondere
572 2469 671 2514 werae,
705 2462 811 2500 etsexta
827 2452 895 2511 aede3
912 2453 1132 2518 neglexeruuthoc
1148 2471 1204 2519 poe·

174 2541 228 2590 Ant
244 2554 328 2603 operae
344 2540 450 2586 nimium
465 2540 554 2589 celeris
568 2553 672 2601 caroque
704 2547 743 2585 tae
756 2546 849 2584 veteres
860 2537 958 2600 iccius,
969 2539 1056 2586 Ennius
1067 2540 1201 2604 ceterique;

174 2626 298 2687 carentia,
313 2625 368 2674 Aac
378 2626 510 2690 ignoratae
520 2626 617 2689 prmait
634 2640 674 2671 ar·
707 2625 813 2671 contenti
833 2624 896 2671 enim
919 2634 1013 2672 sextum
1034 2623 1102 2672 modo
1119 2623 1204 2690 pedem

175 2712 213 2759 tir
227 2711 333 2758 crimine
350 2712 427 2774 turpi.
447 2711 506 2759 Rem
520 2709 614 2759 taudem
631 2727 672 2758 ex·
703 2707 807 2758 iambum
820 2709 899 2759 iacere
913 2707 973 2774 (siue
987 2727 1033 2777 quo
1050 2710 1205 2760 nullumver·

175 2795 258 2863 pedire
274 2795 320 2844 sibi
336 2798 399 2844 visus
416 2806 463 2860 est,
484 2806 576 2844 mutata
592 2795 675 2844 distin-
707 2811 746 2844 sue
767 2796 893 2861 vestigium
917 2796 987 2861 esset)
1007 2798 1033 2846 in
1050 2798 1135 2846 ceteris
1154 2815 1205 2846 sus·

176 2883 269 2946 ctione,
291 2891 394 2948 apparet
407 2898 495 2931 rarae:
518 2890 545 2930 et
561 2879 632 2930 Enni
645 2884 677 2931 In
708 2898 755 2948 que
769 2881 845 2949 deque
862 2881 1014 2932 habuerunt:
1026 2882 1089 2932 'adeo
1105 2893 1133 2932 ut
1145 2885 1204 2932 iam·

176 2985 272 3019 ocermm
287 2971 377 3019 mioooe
394 2985 483 3035 magno
500 2984 554 3016 cnm
566 2968 676 3032 pondere·
704 2967 750 3017 bus
763 2979 830 3018 extra
842 2967 926 3034 pedem
936 2969 1048 3017 ultimum
1061 2986 1127 3018 rarus
1140 2968 1204 3035 apud

174 3071 210 3120 oq.
235 3056 282 3120 Ego
303 3072 372 3119 vero,
394 3054 453 3122 quid
472 3056 559 3120 prosit,
581 3063 624 3101 aut
645 3063 674 3102 ut
705 3054 761 3103 illos
777 3065 897 3120 appareat.
922 3055 960 3104 Sic
979 3057 1005 3104 in
1023 3055 1061 3104 his
1076 3056 1146 3104 Ennii
1160 3056 1204 3104 ic·

174 3139 293 3189 laboranti
308 3141 360 3189 loco
375 3139 498 3189 medeatur
513 3139 573 3188 haec
589 3138 672 3188 dietin-
705 3141 783 3205 eiiqne
804 3139 868 3204 apud
890 3140 1036 3190 Ciceronem:
1058 3143 1139 3208 Argo,
1156 3157 1204 3205 qna

176 3227 241 3288 ctio,
257 3225 339 3274 nullm
351 3225 427 3275 video.
451 3227 521 3292 Ligat
536 3225 631 3291 quidem
648 3234 672 3273 et
704 3227 772 3273 vecti
793 3225 899 3292 Argivi,
907 3227 997 3276 delecti
1017 3229 1085 3277 ciri:
1107 3228 1205 3277 Colchis

175 3297 338 3376 coagmentat‘
361 3313 507 3375 orationem,
538 3311 674 3360 dissolutam
705 3311 811 3375 imperio
837 3314 907 3378 regie
930 3315 1017 3361 Peliae
1036 3330 1084 3377 per
1107 3314 1205 3362 dolam:

175 3397 284 3464 alioquin
298 3406 322 3445 et
335 3395 454 3445 hiantem:
471 3399 545 3463 ipsam
557 3415 613 3446 vero
627 3397 674 3446 dis·
706 3398 873 3446 Fremelnnda
888 3414 920 3446 ea
934 3401 986 3447 alto
1002 3401 1104 3464 ingenti
1119 3402 1206 3448 sonita

175 3483 308 3534 fieultatem
330 3484 443 3531 intactam
463 3483 587 3550 relinquit.
608 3484 673 3546 Hie,
706 3489 733 3530 et
754 3485 865 3547 spirita:
886 3485 928 3532 Ita
954 3485 1011 3533 dnm
1033 3486 1204 3548 interruptum

174 3572 269 3636 inquit,
285 3584 358 3617 raram
374 3576 478 3633 apparet
491 3571 522 3617 in
536 3569 610 3618 Accii
625 3570 673 3616 tri-
705 3569 790 3617 aredac
805 3570 913 3617 nimiam
929 3571 1035 3618 volvier:
1050 3572 1076 3617 in
1099 3568 1148 3631 his,
1167 3572 1205 3619 in-

174 3657 265 3704 metris
272 3676 283 3716 ,·
315 3662 342 3702 et
362 3655 459 3718 proruit
482 3670 568 3704 aeream
591 3654 674 3702 Ennii
706 3671 790 3720 (snam
812 3653 920 3702 omnibus
941 3654 1023 3703 nullae
1043 3665 1079 3703 est
1094 3654 1203 3719 iambus,

175 3742 280 3790 erimine
296 3743 427 3806 ignoratae
448 3742 523 3789 artie.
545 3739 607 3805 Quid
621 3756 675 3788 nar·
706 3750 872 3806 praeterquam
887 3741 913 3787 in
929 3739 981 3787 loco
996 3750 1077 3804 sexto,
1099 3741 1146 3805 it,
1167 3743 1204 3789 in·

175 3828 231 3876 res?
246 3828 282 3876 in
295 3842 380 3875 aeream
393 3836 435 3877 aut
448 3828 541 3889 sciunt,
552 3835 594 3874 aut
606 3828 673 3892 igno
705 3827 758 3892 quit
774 3826 870 3888 Noster,
883 3825 1020 3876 huiusmodi
1035 3843 1133 3891 aereae,
1148 3843 1203 3876 cnm

174 3922 231 3961 rant
250 3923 325 3961 artem
341 3913 479 3963 metricam?
499 3913 555 3977 Quia
571 3913 607 3960 ita
621 3928 674 3960 een·
704 3928 793 3977 magno
805 3910 960 3977 apondeomm
972 3912 1010 3961 vel
1024 3923 1202 3979 anapaestomm

175 3998 225 4059 ait,
247 4001 300 4063 quia
321 4014 425 4064 unquam
448 4001 482 4048 oie
503 3999 596 4048 locutus
621 3997 674 4047 esti
700 3998 808 4063 pondere
827 4000 970 4046 inaceriam
987 4001 1096 4062 micum,
1105 4000 1202 4064 praeit

174 4081 241 4132 illud
256 4098 348 4148 quoque
364 4083 435 4149 quale
448 4085 502 4134 eati
512 4085 610 4149 promit
621 4099 673 4133 cer-
704 4086 842 4150 acriptorem
856 4093 900 4134 aut
914 4086 1020 4135 manniae
1033 4087 1142 4149 crimine,
1158 4093 1202 4133 aut
