2752 4844
495 400 554 461 All
588 395 805 465 PISONES.
1101 401 1159 463 179

622 622 672 693 Il.

123 875 126 882 ·
140 837 283 909 Maxima
297 860 376 932 pere
390 847 522 928 vetum,
537 847 633 932 pater
647 848 682 910 et
696 841 831 918 iuvenes
847 850 943 937 patre
958 840 1067 936 digni,
1093 854 1150 914 24.

81 970 84 975 “
139 957 334 1051 Decipimnr
352 958 460 1053 speeie
481 959 572 1028 recti.
606 955 720 1027 Brevis
742 981 813 1030 esse
833 957 968 1050 labero,
1094 971 1151 1032 25.

140 1076 315 1148 Obscurus
335 1077 396 1147 fio:
422 1084 604 1147 sectantem
625 1077 710 1146 levia
732 1079 825 1148 nervi
1096 1091 1153 1152 26.

36 1212 39 1219 ’
140 1195 308 1295 Deficiunt
328 1196 514 1288 animique:
538 1194 708 1290 professus
729 1195 886 1290 grandia,
908 1205 1037 1292 turget:
1096 1206 1154 1268 27.

140 1314 251 1409 Serpit
272 1314 366 1384 humi
388 1301 483 1383 tutus
501 1314 642 1383 nimium
660 1313 865 1408 timidusque
882 1310 1061 1410 procellae.
1097 1327 1154 1387 28.

32 1474 35 1481 ·
140 1433 207 1522 Qui
229 1434 357 1503 variare
380 1434 476 1527 cupit
499 1456 570 1502 rem
593 1432 824 1527 prodigialiter
847 1458 972 1525 unam,
1098 1445 1156 1507 29.

139 1552 347 1646 Delphinum
368 1552 459 1622 eilvis
484 1552 655 1646 appingit,
681 1550 844 1622 fluetibus
865 1577 998 1648 aprum.
1098 1565 1156 1627 80.

138 1670 178 1741 ln
200 1673 318 1746 vitium
341 1670 436 1740 ducit
456 1671 577 1765 culpae
599 1669 699 1764 luga,
726 1673 753 1740 oi
779 1681 870 1741 earet
894 1680 975 1743 erte.
1098 1682 1156 1743 31.
1237 1670 1240 1675 ’

133 1947 183 1999 tes,
199 1935 298 2002 tigrides
315 1945 339 1984 et
354 1952 426 2002 agnes
441 1937 573 2001 geminari,
589 1952 630 2002 pe-
663 1938 725 1984 crivo
739 1937 801 1984 levis
812 1937 943 1985 contrarius
955 1953 1020 1985 error
1030 1938 1165 1988 commissus

132 2025 168 2072 ria
183 2023 250 2084 fieri,
266 2020 392 2071 iubeant.”
664 2031 699 2070 est
720 2024 746 2070 in
767 2023 853 2072 Lexioe
874 2021 1009 2086 Schelleri,
1034 2015 1078 2072 ubi
1099 2025 1164 2073 lever

662 2108 770 2169 mulene,
783 2106 847 2172 quod
857 2108 978 2156 invenitur
991 2109 1018 2157 in
1030 2109 1165 2159 Horatianis

359 2194 395 2239 II.
664 2191 737 2241 Germ.
753 2192 835 2255 1,³1,
849 2194 988 2241 reseruntur
1000 2193 1030 2241 ad
1043 2196 1132 2245 laeves.

697 2278 779 2325 Tutus
802 2279 909 2324 nimium
935 2279 1086 2343 timidusque
1104 2296 1165 2345 pre·

148 2362 303 2412 Multiillud
313 2364 411 2411 verium
421 2363 542 2426 inprimis
555 2362 615 2425 effe·
661 2363 744 2411 cellae.
759 2362 859 2426 Quintil.
873 2364 952 2413 Instit.
966 2363 1163 2428 Oret.X‚11‚lll.

164 2448 599 2515 etent5eedpreptereeseepefiunt
663 2449 810 2512 Plerumque
838 2449 965 2497 declinent
991 2452 1021 2498 in
1040 2453 1116 2515 peius
1140 2460 1166 2501 et

180 2535 292 2583 ridiculi.
301 2533 432 2580 Nimirum
439 2539 518 2579 artem
525 2534 583 2580 uni·
659 2534 777 2597 promen
789 2535 928 2582 uirtutibus
938 2537 1006 2583 eitie
1015 2539 1166 2601 emnpralcsn·

245 2634 341 2668 versem
356 2634 404 2666 nen
418 2625 511 2666 tenent.
664 2619 740 2679 dunt,
756 2621 874 2681 fiuntque
888 2637 936 2684 pre
950 2621 1073 2686 grueilue
1089 2626 1164 2672 tumi-

665 2703 709 2765 di,
721 2705 821 2766 preeeie
833 2707 924 2767 eriles,
930 2706 1046 2765 fortibus
1062 2717 1166 2757 temere·

164 2793 312 2856 Decipimur
329 2791 410 2854 speeie
431 2789 504 2836 recti.
529 2787 629 2851 Quintil.
665 2790 717 2850 rii,
734 2790 811 2836 luetis
823 2792 949 2854 corrupti,
965 2795 1109 2856 corruperitis
1124 2810 1166 2843 en-

131 2879 211 2925 lmtit.
227 2876 290 2925 Orat.
304 2875 369 2937 llll,
383 2887 424 2937 111,
440 2875 480 2922 56.
499 2871 630 2938 Karige]-
663 2876 800 2936 ruitantia,
817 2876 974 2938 simplicibus
989 2879 1154 2942 negligentia.

133 2961 179 3010 iou
202 2960 322 3026 quidquid
345 2967 384 3008 eet
403 2960 474 3008 ultre
490 2960 628 3022 virtutem,
693 2961 843 3024 Delphinum
851 2962 1164 3027 eileieeppingit,flucti·

132 3049 229 3112 quetiee
243 3048 373 3113 ingenium
387 3046 483 3094 iudicio
498 3051 580 3107 curet,
604 3053 630 3093 et
662 3046 707 3094 tue
722 3062 816 3110 aprum.
833 3046 861 3094 Ut
877 3048 973 3112 ineptus
981 3048 1078 3114 quidam
1091 3060 1163 3116 poeta

132 3135 212 3199 speeie
228 3134 285 3182 beni
292 3133 409 3194 fallitur.
434 3132 521 3179 Auctor
537 3130 567 3178 ad
582 3131 628 3179 He-
661 3131 720 3179 feeit
736 3133 761 3179 in
775 3131 895 3195 versibus,
912 3149 970 3198 qnos
986 3134 1082 3183 Horatio
1099 3135 1162 3186 indi·

131 3223 241 3269 nennium
257 3221 299 3282 ll,
316 3223 355 3267 10.
380 3220 412 3267 Ie
426 3219 468 3266 laec
481 3232 563 3282 genno
573 3219 638 3281 ple.
660 3233 719 3282 gnos
734 3215 854 3279 iudicavi,
871 3218 1028 3282 Carm.1,11.
1049 3223 1163 3271 Piscium

132 3309 202 3372 rique
216 3322 289 3372 quum
306 3307 486 3367 declinassent,
504 3311 530 3351 et
545 3305 575 3351 el
592 3318 630 3365 ee,
664 3310 690 3350 et
705 3318 799 3350 sumnia
811 3318 892 3368 genno
905 3306 989 3353 haesit
1001 3307 1079 3369 ulme,
1095 3308 1163 3356 Note

131 3409 177 3457 que
188 3393 299 3458 prm‘eeti
311 3398 384 3452 eunt,
401 3391 591 3450 aberraverunt,
605 3396 631 3436 et
662 3403 723 3451 qccee
739 3389 807 3436 sedec
815 3389 906 3449 fueret
921 3393 1052 3454 columbis,
1071 3394 1109 3441 Bt
1121 3411 1162 3442 ru-

132 3481 211 3543 epeeie
224 3479 369 3545 gravitatie
378 3476 517 3537 falluntur.
660 3474 772 3538 periente
789 3475 897 3536 peeidee
914 3483 1038 3525 natarunt
1053 3478 1162 3540 Aequore

165 3566 306 3614 Seotentem
322 3564 395 3611 leeie.
412 3559 549 3610 Wielanelns
564 3576 629 3624 pres·
661 3560 754 3607 donee.
783 3559 827 3608 iile
850 3562 961 3627 appinxit
984 3564 1060 3628 pisces
1082 3563 1160 3627 ulrno,

148 3647 211 3698 diam
226 3666 274 3698 non
295 3649 352 3698 satis
367 3645 473 3696 tenebat.
500 3646 563 3694 Haeo
578 3662 630 3694 ver-
663 3643 741 3694 dames
757 3649 870 3711 aequorI,
888 3657 912 3696 et
927 3665 977 3696 rem
996 3665 1066 3698 unam
1082 3649 1161 3715 prerli-

134 3736 178 3783 rit:
191 3735 273 3782 inelem
283 3750 340 3782 men
353 3735 443 3782 leiclrte
455 3733 540 3796 Dinge
554 3733 630 3779 ieiclrt
662 3731 759 3797 gialiter
771 3733 880 3782 variavit.
898 3732 923 3782 Si
931 3736 983 3782 Are
991 3735 1093 3784 Peetiee
1105 3737 1162 3786 scri·

134 3820 266 3869 eeeanenn
282 3821 334 3868 avil.
354 3818 419 3867 Idem
435 3817 465 3867 ael
480 3834 514 3866 vs.
526 3819 572 3865 eol
591 3833 632 3864 ne·
664 3828 706 3882 pta
719 3826 755 3865 est
769 3827 821 3882 post
835 3818 898 3866 Illud
911 3835 1017 3882 carmen,
1033 3837 1098 3883 snam
1110 3823 1162 3887 ipsc

134 3917 226 3955 tumex
234 3903 631 3970 lntholegialipigremmainLiei-
663 3902 792 3952 stultitiam
817 3902 966 3953 acerbissime
990 3906 1160 3971 reprehendit:

134 3995 201 4041 nium
214 3993 303 4052 citans,
318 3999 409 4055 partem
419 3991 562 4056 pentametri
574 3990 631 4038 sori·
662 3989 784 4052 siseripta
803 3996 906 4037 estante
920 3990 1100 4057 Illuioarmen,
1124 3997 1163 4044 eni

136 4081 196 4143 psit:
214 4078 271 4141 quie
283 4075 367 4148 credet
375 4090 428 4123 esee
435 4072 519 4124 Deos?
532 4073 632 4123 inedie-
665 4076 699 4123 ita
715 4071 824 4121 oblivisci
839 4076 886 4123 non
902 4078 991 4140 potuit.
