2752 4844
528 403 590 465 tlt
620 403 837 466 insonus
1129 407 1188 473 231

176 606 345 671 179-201.
365 607 424 669 Aut
443 611 531 688 agitur
550 625 592 668 res
612 611 642 665 in
661 610 748 666 scenis
853 608 960 671 fortune
974 609 1104 692 superbis.
1186 632 1189 639 ·

173 710 345 772 244-250.
367 711 447 771 Silvis
465 709 575 770 deducti
681 708 817 770 donantve
835 729 941 771 corone.

172 811 344 874 225-2332
365 813 467 872 Verum
485 815 522 872 ita
542 814 637 871 risores
745 811 905 891 pudibunde
924 818 1060 894 protervis.

193 915 275 977 24-
293 913 344 976 28.
365 915 479 976 llsxims
497 935 559 996 pars
578 923 671 974 vetum
778 914 944 997 timidusque
961 916 1101 997 procellae.

294 1017 344 1078 31.
366 1018 401 1077 ln
419 1021 516 1076 vitium
536 1017 632 1096 culpae
651 1015 728 1076 ducit
746 1017 823 1098 fuge,
844 1022 867 1076 si
886 1028 958 1078 earet
976 1030 1040 1078 arte.

193 1120 275 1182 89-
295 1119 344 1180 91.
366 1119 493 1180 Versibus
511 1123 609 1199 exponi
714 1139 797 1179 coena
816 1119 956 1201 Thyestae.

193 1221 343 1284 93-100.
364 1222 508 1284 Interdum
526 1231 619 1305 temen
723 1220 850 1282 auditoris
869 1230 977 1303 agunto.

194 1325 275 1386 46-
294 1323 343 1386 72.
364 1326 400 1385 In
421 1324 508 1385 verbis
527 1328 609 1384 etiam
627 1327 717 1384 tenuis
824 1345 918 1386 norme
937 1324 1075 1407 loquendi.

173 1425 344 1489 388-390.
422 1426 587 1507 Nonnmque
605 1435 744 1507 prematur
850 1432 931 1488 missa
949 1432 1046 1489 reverti
1057 1472 1141 1488 .....

172 1528 343 1592 289-294.
364 1530 422 1590 Nec
441 1534 539 1588 virtme
555 1529 624 1588 foret
730 1529 764 1588 ad
783 1550 912 1611 unguem.

173 1631 344 1694 386-387.
420 1632 449 1691 Si
468 1615 647 1713 quid'temen
667 1631 734 1690 olim
753 1650 822 1678 -‘--
841 1642 869 1693 et
887 1642 989 1694 nostras
1000 1677 1084 1692 .....
1187 1655 1189 1659 ’

172 1733 343 1797 ist-437.
364 1735 451 1815 Reges
471 1735 599 1794 dicuntur
705 1734 787 1814 vulpe
806 1735 928 1794 latentes.

173 1836 342 1898 419-433.
364 1837 400 1896 llt
418 1857 514 1917 praeco
620 1835 757 1896 laudatore
776 1847 908 1897 movetur.

66 1970 68 1975 ·
172 1937 341 2000 347-360.
363 1941 433 1998 Sunt
451 1938 549 1998 delicta
654 1939 782 2019 obrepere
801 1960 937 1998 somnum.

212 2042 274 2102 9-
295 2042 342 2101 13.
421 2040 572 2102 Pictonibus
591 2051 673 2123 etque
692 2046 778 2122 poetis
884 2041 998 2123 tigribus
1013 2048 1084 2124 agni.

175 2143 345 2205 445-452.
367 2144 415 2202 Vir
434 2145 522 2202 bonus
541 2153 570 2202 et
588 2144 708 2223 prudens
816 2154 1013 2226 exceptumque
1031 2149 1145 2205 sinistre.

176 2245 345 2309 438-444.
368 2245 515 2320 Quinctilio
534 2248 558 2303 si
578 2244 646 2325 quid
752 2256 799 2304 tna
817 2245 891 2304 solus
909 2249 1020 2305 amares.

350 2429 509 2492 PETRUS
533 2428 752 2489 ANTONIUS
779 2429 1016 2492 PETRINIIJS.

669 2614 693 2672 Ι.

215 2760 274 2817 1-
296 2758 343 2817 13.
364 2758 492 2816 llumnno
511 2760 593 2835 cspiti
695 2755 814 2835 tigribus
832 2762 902 2837 agni.

175 2858 346 2922 408-411.
367 2860 469 2918 Nature
487 2859 564 2917 fieret
670 2861 792 2917 coniuret
811 2863 905 2918 amice.

171 2960 343 3024 295-308.
364 2962 511 3042 Ingenium
530 2962 628 3018 misera
734 2981 789 3041 quo
807 2961 874 3020 ferat
893 2981 974 3022 error.

192 3064 274 3126 38-
293 3063 342 3124 45.
365 3064 469 3122 Sumite
488 3064 630 3121 materiem
736 3066 860 3142 promissi
877 3068 1003 3125 carminis
1022 3078 1121 3127 auctor.

171 3166 343 3229 309-322.
364 3164 505 3226 scribendi
524 3173 596 3223 recte
702 3185 844 3246 nugaeque
864 3187 995 3230 canorae.-

175 3268 344 3331 136-152.
365 3268 423 3328 Nec
442 3271 481 3327 sic
501 3270 614 3346 incipies
720 3268 810 3328 medio
830 3290 865 3328 ne
883 3270 1015 3352 discrepet
1033 3277 1129 3333 imum.

193 3372 273 3433 14-
292 3370 341 3430 23.
363 3371 482 3450 Inceptis
502 3369 627 3450 guribus
646 3400 715 3414 ---
733 3371 847 3450 simplex
866 3372 996 3434 duntaxat
1014 3388 1041 3434 et
1059 3398 1154 3436 unum.

104 3556 107 3567 ¹
191 3472 273 3534 32-
292 3472 341 3533 37.
361 3472 513 3534 Aemilium
531 3474 601 3530 circe
620 3471 718 3530 ludum
822 3478 953 3558 nigroque
972 3479 1077 3558 capillo.

192 3576 273 3636 46-
291 3574 341 3636 72.
362 3576 399 3635 In
414 3575 502 3634 verbis
518 3576 599 3633 etiam
614 3578 702 3632 tenuis
721 3607 738 3619 -
747 3607 764 3618 -
773 3607 790 3619 -
808 3585 836 3635 et
849 3581 893 3637 ius
905 3588 933 3638 et
944 3600 1038 3639 norma
1051 3581 1187 3662 loquendi.

196 3677 348 3739 99—113.
369 3679 433 3737 Non
450 3681 513 3736 sotis
533 3686 573 3735 est
591 3676 705 3757 pulchra
809 3679 967 3763 peditesque
986 3683 1157 3744 cachinnum.

171 3780 341 3842 333-346.
363 3781 420 3840 Aut
439 3779 564 3860 prodesse
583 3778 678 3838 volunt
781 3785 903 3862 scriptori
922 3796 1043 3866 prorogat
1063 3806 1167 3845 serum.

192 3883 274 3944 73-
293 3882 343 3944 78.
363 3884 418 3944 Res
439 3892 526 3963 gestae
546 3902 695 3963 regumque
800 3883 853 3943 sub
871 3885 961 3946 iudice
979 3887 1013 3946 lis
1032 3898 1079 3948 est.

192 3984 273 4046 83-
292 3984 342 4047 85.
364 3985 439 4046 blnen
460 3985 535 4045 dedit
550 3982 651 4043 fidibus
756 3985 842 4046 libem
859 3991 921 4047 vine
939 3989 1045 4049 referre.

190 4088 272 4150 79-
290 4086 340 4150 82.
361 4088 556 4150 Archilochum
574 4091 682 4168 proprio
700 4116 770 4136 --·
787 4099 882 4150 nutum
901 4090 982 4152 rebus
1001 4093 1118 4172 agendis.
