<?xml version="1.0" encoding="UTF-8"?>
<!DOCTYPE html PUBLIC "-//W3C//DTD XHTML 1.0 Transitional//EN"
    "http://www.w3.org/TR/xhtml1/DTD/xhtml1-transitional.dtd">
<html xmlns="http://www.w3.org/1999/xhtml" xml:lang="en" lang="en">
 <head>
  <title>
</title>
<meta http-equiv="Content-Type" content="text/html;charset=utf-8" />
  <meta name='ocr-system' content='tesseract 3.04.00' />
  <meta name='ocr-capabilities' content='ocr_page ocr_carea ocr_par ocr_line ocrx_word'/>
</head>
<body>
  <div class='ocr_page' id='page_1' title='image "./qhoratiiflaccie01horagoog_0169.png"; bbox 0 0 2752 4844; ppageno 0'>
   <div class='ocr_carea' id='block_1_1' title="bbox 186 397 929 461">
    <p class='ocr_par' dir='ltr' id='par_1_1' title="bbox 186 397 929 461">
     <span class='ocr_line' id='line_1_1' title="bbox 186 397 929 461; baseline -0.004 -1"><span class='ocrx_word' id='word_1_1' title='bbox 186 398 244 460; x_wconf 87' lang='grc'><strong>160</strong></span> <span class='ocrx_word' id='word_1_2' title='bbox 446 400 658 461; x_wconf 77' lang='lat' dir='ltr'><strong>flountll</strong></span> <span class='ocrx_word' id='word_1_3' title='bbox 688 397 929 458; x_wconf 77' lang='lat' dir='ltr'><strong>EPISTOLA</strong></span> 
     </span>
    </p>
   </div>
   <div class='ocr_carea' id='block_1_2' title="bbox 211 599 1098 691">
    <p class='ocr_par' dir='ltr' id='par_1_2' title="bbox 211 599 1098 691">
     <span class='ocr_line' id='line_1_2' title="bbox 211 599 1098 691; baseline 0 -21"><span class='ocrx_word' id='word_1_4' title='bbox 211 601 280 672; x_wconf 87' lang='lat' dir='ltr'><strong>Fiet</strong></span> <span class='ocrx_word' id='word_1_5' title='bbox 306 601 541 689; x_wconf 59' lang='lat' dir='ltr'><strong>Aristarchum</strong></span> <span class='ocrx_word' id='word_1_6' title='bbox 565 624 627 672; x_wconf 89' lang='lat' dir='ltr'><strong>uec</strong></span> <span class='ocrx_word' id='word_1_7' title='bbox 650 599 759 691; x_wconf 82' lang='lat' dir='ltr'><strong>dicet,</strong></span> <span class='ocrx_word' id='word_1_8' title='bbox 783 623 847 669; x_wconf 87' lang='lat' dir='ltr'><strong>cur</strong></span> <span class='ocrx_word' id='word_1_9' title='bbox 868 621 931 690; x_wconf 77' lang='lat' dir='ltr'><strong>ego</strong></span> <span class='ocrx_word' id='word_1_10' title='bbox 953 601 1098 670; x_wconf 85' lang='lat' dir='ltr'><strong>amicum</strong></span> 
     </span>
    </p>
   </div>
   <div class='ocr_carea' id='block_1_3' title="bbox 139 835 1203 4140">
    <p class='ocr_par' dir='ltr' id='par_1_3' title="bbox 139 835 1203 4140">
     <span class='ocr_line' id='line_1_3' title="bbox 210 835 1198 903; baseline 0.001 -19"><span class='ocrx_word' id='word_1_11' title='bbox 210 835 274 885; x_wconf 73' lang='lat' dir='ltr'><strong>ttrhil</strong></span> <span class='ocrx_word' id='word_1_12' title='bbox 290 839 316 885; x_wconf 88' lang='lat' dir='ltr'><strong>in</strong></span> <span class='ocrx_word' id='word_1_13' title='bbox 329 836 373 886; x_wconf 83' lang='lat' dir='ltr'><strong>ltoc</strong></span> <span class='ocrx_word' id='word_1_14' title='bbox 389 855 474 903; x_wconf 80' lang='lat' dir='ltr'>genere</span> <span class='ocrx_word' id='word_1_15' title='bbox 490 837 574 886; x_wconf 87' lang='lat' dir='ltr'><strong>Critico</strong></span> <span class='ocrx_word' id='word_1_16' title='bbox 594 854 672 884; x_wconf 89' lang='lat' dir='ltr'><strong>emen·</strong></span> <span class='ocrx_word' id='word_1_17' title='bbox 702 844 798 899; x_wconf 77' lang='lat' dir='ltr'><strong>oratus,</strong></span> <span class='ocrx_word' id='word_1_18' title='bbox 819 838 928 900; x_wconf 71' lang='lat' dir='ltr'><strong>politice,</strong></span> <span class='ocrx_word' id='word_1_19' title='bbox 953 839 1094 902; x_wconf 69' lang='lat' dir='ltr'><strong>eupolim,</strong></span> <span class='ocrx_word' id='word_1_20' title='bbox 1119 848 1198 902; x_wconf 73' lang='lat' dir='ltr'><strong>quae,</strong></span> 
     </span>
     <span class='ocr_line' id='line_1_4' title="bbox 178 920 1200 986; baseline 0.001 -17"><span class='ocrx_word' id='word_1_21' title='bbox 178 920 273 970; x_wconf 75' lang='lat' dir='ltr'><strong>datione</strong></span> <span class='ocrx_word' id='word_1_22' title='bbox 287 923 333 971; x_wconf 83' lang='lat' dir='ltr'><strong>iete</strong></span> <span class='ocrx_word' id='word_1_23' title='bbox 348 923 485 971; x_wconf 82' lang='lat' dir='ltr'><strong>Bentleiena</strong></span> <span class='ocrx_word' id='word_1_24' title='bbox 506 932 541 970; x_wconf 87' lang='lat' dir='ltr'><strong>est</strong></span> <span class='ocrx_word' id='word_1_25' title='bbox 554 921 670 984; x_wconf 81' lang='lat' dir='ltr'><strong>nobilius,</strong></span> <span class='ocrx_word' id='word_1_26' title='bbox 703 923 724 969; x_wconf 85' lang='lat' dir='ltr'><strong>ei</strong></span> <span class='ocrx_word' id='word_1_27' title='bbox 739 920 855 969; x_wconf 83' lang='lat' dir='ltr'><strong>heberent</strong></span> <span class='ocrx_word' id='word_1_28' title='bbox 870 924 989 971; x_wconf 90' lang='lat' dir='ltr'><strong>notionem</strong></span> <span class='ocrx_word' id='word_1_29' title='bbox 1008 922 1117 986; x_wconf 76' lang='lat' dir='ltr'><strong>perfecti</strong></span> <span class='ocrx_word' id='word_1_30' title='bbox 1131 923 1200 970; x_wconf 79' lang='lat' dir='ltr'><strong>eleo-</strong></span> 
     </span>
     <span class='ocr_line' id='line_1_5' title="bbox 177 1005 1200 1073; baseline 0.001 -19"><span class='ocrx_word' id='word_1_31' title='bbox 177 1022 221 1054; x_wconf 84' lang='lat' dir='ltr'><strong>nec</strong></span> <span class='ocrx_word' id='word_1_32' title='bbox 233 1007 308 1055; x_wconf 89' lang='lat' dir='ltr'><strong>ullem</strong></span> <span class='ocrx_word' id='word_1_33' title='bbox 323 1008 394 1056; x_wconf 82' lang='lat' dir='ltr'><strong>facile</strong></span> <span class='ocrx_word' id='word_1_34' title='bbox 407 1009 526 1070; x_wconf 73' lang='lat' dir='ltr'>invenias,</span> <span class='ocrx_word' id='word_1_35' title='bbox 543 1006 572 1055; x_wconf 92' lang='lat' dir='ltr'><strong>de</strong></span> <span class='ocrx_word' id='word_1_36' title='bbox 586 1009 671 1073; x_wconf 82' lang='lat' dir='ltr'><strong>quain</strong></span> <span class='ocrx_word' id='word_1_37' title='bbox 703 1008 771 1068; x_wconf 76' lang='lat' dir='ltr'><strong>luti,</strong></span> <span class='ocrx_word' id='word_1_38' title='bbox 796 1006 881 1072; x_wconf 81' lang='lat' dir='ltr'><strong>gredue</strong></span> <span class='ocrx_word' id='word_1_39' title='bbox 897 1009 1075 1073; x_wconf 71' lang='lat' dir='ltr'><strong>comparationis</strong></span> <span class='ocrx_word' id='word_1_40' title='bbox 1095 1024 1141 1055; x_wconf 88' lang='lat' dir='ltr'><strong>non</strong></span> <span class='ocrx_word' id='word_1_41' title='bbox 1158 1005 1200 1055; x_wconf 84' lang='lat' dir='ltr'><strong>ed-</strong></span> 
     </span>
     <span class='ocr_line' id='line_1_6' title="bbox 177 1091 1200 1158; baseline 0.002 -19"><span class='ocrx_word' id='word_1_42' title='bbox 177 1102 301 1158; x_wconf 81' lang='lat' dir='ltr'><strong>ntrnmque</strong></span> <span class='ocrx_word' id='word_1_43' title='bbox 324 1103 415 1158; x_wconf 74' lang='lat' dir='ltr'><strong>partem</strong></span> <span class='ocrx_word' id='word_1_44' title='bbox 430 1093 499 1158; x_wconf 84' lang='lat' dir='ltr'><strong>plura</strong></span> <span class='ocrx_word' id='word_1_45' title='bbox 520 1091 550 1140; x_wconf 86' lang='lat' dir='ltr'><strong>eb</strong></span> <span class='ocrx_word' id='word_1_46' title='bbox 572 1092 671 1141; x_wconf 88' lang='lat' dir='ltr'><strong>homini·</strong></span> <span class='ocrx_word' id='word_1_47' title='bbox 703 1094 838 1140; x_wconf 80' lang='lat' dir='ltr'><strong>mitterent:</strong></span> <span class='ocrx_word' id='word_1_48' title='bbox 861 1102 886 1140; x_wconf 86' lang='lat' dir='ltr'><strong>et</strong></span> <span class='ocrx_word' id='word_1_49' title='bbox 902 1092 1000 1141; x_wconf 80' lang='lat' dir='ltr'><strong>dicimus</strong></span> <span class='ocrx_word' id='word_1_50' title='bbox 1018 1094 1122 1141; x_wconf 70' lang='lat' dir='ltr'><strong>Hmutue</strong></span> <span class='ocrx_word' id='word_1_51' title='bbox 1132 1092 1200 1156; x_wconf 81' lang='lat' dir='ltr'><strong>pulf-</strong></span> 
     </span>
     <span class='ocr_line' id='line_1_7' title="bbox 176 1176 1202 1244; baseline 0 -19"><span class='ocrx_word' id='word_1_52' title='bbox 176 1176 221 1225; x_wconf 82' lang='lat' dir='ltr'><strong>hue</strong></span> <span class='ocrx_word' id='word_1_53' title='bbox 241 1177 340 1227; x_wconf 78' lang='lat' dir='ltr'><strong>eruditis</strong></span> <span class='ocrx_word' id='word_1_54' title='bbox 361 1178 481 1244; x_wconf 69' lang='lat' dir='ltr'><strong>dieputme</strong></span> <span class='ocrx_word' id='word_1_55' title='bbox 504 1187 567 1226; x_wconf 83' lang='lat' dir='ltr'><strong>sunt.</strong></span> <span class='ocrx_word' id='word_1_56' title='bbox 592 1179 670 1241; x_wconf 85' lang='lat' dir='ltr'><strong>Longe</strong></span> <span class='ocrx_word' id='word_1_57' title='bbox 704 1179 773 1239; x_wconf 79' lang='lat' dir='ltr'><strong>tine,</strong></span> <span class='ocrx_word' id='word_1_58' title='bbox 797 1193 841 1225; x_wconf 86' lang='lat' dir='ltr'><strong>ure</strong></span> <span class='ocrx_word' id='word_1_59' title='bbox 858 1179 1033 1242; x_wconf 69' lang='lat' dir='ltr'><strong>politissima,</strong></span> <span class='ocrx_word' id='word_1_60' title='bbox 1051 1193 1092 1225; x_wconf 82' lang='lat' dir='ltr'><strong>ree</strong></span> <span class='ocrx_word' id='word_1_61' title='bbox 1107 1179 1202 1242; x_wconf 64' lang='lat' dir='ltr'><strong>ospoli-</strong></span> 
     </span>
     <span class='ocr_line' id='line_1_8' title="bbox 176 1262 1201 1328; baseline 0.002 -19"><span class='ocrx_word' id='word_1_62' title='bbox 176 1263 267 1311; x_wconf 82' lang='lat' dir='ltr'><strong>interec</strong></span> <span class='ocrx_word' id='word_1_63' title='bbox 287 1266 361 1311; x_wconf 80' lang='lat' dir='ltr'><strong>maior</strong></span> <span class='ocrx_word' id='word_1_64' title='bbox 381 1272 417 1311; x_wconf 84' lang='lat' dir='ltr'><strong>est</strong></span> <span class='ocrx_word' id='word_1_65' title='bbox 437 1279 548 1310; x_wconf 71' lang='lat' dir='ltr'><strong>numerus</strong></span> <span class='ocrx_word' id='word_1_66' title='bbox 563 1263 672 1310; x_wconf 88' lang='lat' dir='ltr'><strong>reiicien-</strong></span> <span class='ocrx_word' id='word_1_67' title='bbox 705 1264 833 1310; x_wconf 71' lang='lat' dir='ltr'><strong>tissimue:</strong></span> <span class='ocrx_word' id='word_1_68' title='bbox 856 1272 955 1328; x_wconf 81' lang='lat' dir='ltr'><strong>ergoet</strong></span> <span class='ocrx_word' id='word_1_69' title='bbox 978 1273 1033 1311; x_wconf 86' lang='lat' dir='ltr'><strong>sunt</strong></span> <span class='ocrx_word' id='word_1_70' title='bbox 1059 1262 1201 1328; x_wconf 72' lang='lat' dir='ltr'><strong>simpliciter</strong></span> 
     </span>
     <span class='ocr_line' id='line_1_9' title="bbox 178 1345 1201 1413; baseline 0.002 -18"><span class='ocrx_word' id='word_1_71' title='bbox 178 1345 671 1413; x_wconf 77' lang='lat' dir='ltr'><strong>tium,quemlnndentinm.Wyttenl›achi·</strong></span> <span class='ocrx_word' id='word_1_72' title='bbox 703 1348 822 1410; x_wconf 80' lang='lat' dir='ltr'><strong>limatae,</strong></span> <span class='ocrx_word' id='word_1_73' title='bbox 834 1350 944 1411; x_wconf 80' lang='lat' dir='ltr'><strong>politae,</strong></span> <span class='ocrx_word' id='word_1_74' title='bbox 965 1350 1105 1412; x_wconf 69' lang='lat' dir='ltr'><strong>expolitae,</strong></span> <span class='ocrx_word' id='word_1_75' title='bbox 1121 1350 1201 1397; x_wconf 76' lang='lat' dir='ltr'><strong>minus</strong></span> 
     </span>
     <span class='ocr_line' id='line_1_10' title="bbox 176 1431 1200 1497; baseline 0.002 -17"><span class='ocrx_word' id='word_1_76' title='bbox 176 1449 205 1480; x_wconf 79' lang='lat' dir='ltr'><strong>ue</strong></span> <span class='ocrx_word' id='word_1_77' title='bbox 222 1434 293 1480; x_wconf 81' lang='lat' dir='ltr'><strong>etiem</strong></span> <span class='ocrx_word' id='word_1_78' title='bbox 308 1431 440 1481; x_wconf 84' lang='lat' dir='ltr'><strong>reiieiebat.</strong></span> <span class='ocrx_word' id='word_1_79' title='bbox 463 1434 490 1480; x_wconf 83' lang='lat' dir='ltr'><strong>lit</strong></span> <span class='ocrx_word' id='word_1_80' title='bbox 507 1448 563 1496; x_wconf 85' lang='lat' dir='ltr'><strong>ego,</strong></span> <span class='ocrx_word' id='word_1_81' title='bbox 579 1432 600 1479; x_wconf 84' lang='lat' dir='ltr'><strong>si</strong></span> <span class='ocrx_word' id='word_1_82' title='bbox 616 1433 669 1496; x_wconf 82' lang='lat' dir='ltr'><strong>quie</strong></span> <span class='ocrx_word' id='word_1_83' title='bbox 701 1434 1135 1497; x_wconf 79' lang='lat' dir='ltr'><strong>quampolr&#39;tioreeetpolite‘eeirnue.</strong></span> <span class='ocrx_word' id='word_1_84' title='bbox 1149 1434 1200 1482; x_wconf 81' lang='lat' dir='ltr'><strong>lem</strong></span> 
     </span>
     <span class='ocr_line' id='line_1_11' title="bbox 175 1516 1201 1583; baseline 0.002 -19"><span class='ocrx_word' id='word_1_85' title='bbox 175 1518 381 1582; x_wconf 79' lang='lat' dir='ltr'><strong>queemt‚reiicio.</strong></span> <span class='ocrx_word' id='word_1_86' title='bbox 390 1516 668 1583; x_wconf 74' lang='lat' dir='ltr'><strong>Argumentahaeceunt.</strong></span> <span class='ocrx_word' id='word_1_87' title='bbox 701 1516 822 1565; x_wconf 77' lang='lat' dir='ltr'><strong>rideamus</strong></span> <span class='ocrx_word' id='word_1_88' title='bbox 836 1517 1020 1566; x_wconf 80' lang='lat' dir='ltr'><strong>emendationem</strong></span> <span class='ocrx_word' id='word_1_89' title='bbox 1031 1517 1141 1566; x_wconf 83' lang='lat' dir='ltr'><strong>Bentleii.</strong></span> <span class='ocrx_word' id='word_1_90' title='bbox 1155 1518 1201 1566; x_wconf 84' lang='lat' dir='ltr'><strong>Le·</strong></span> 
     </span>
     <span class='ocr_line' id='line_1_12' title="bbox 175 1603 1200 1668; baseline 0.002 -19"><span class='ocrx_word' id='word_1_91' title='bbox 175 1603 257 1651; x_wconf 77' lang='lat' dir='ltr'><strong>Versus</strong></span> <span class='ocrx_word' id='word_1_92' title='bbox 269 1605 332 1651; x_wconf 83' lang='lat' dir='ltr'><strong>mule</strong></span> <span class='ocrx_word' id='word_1_93' title='bbox 346 1605 441 1651; x_wconf 78' lang='lat' dir='ltr'><strong>tmnoti</strong></span> <span class='ocrx_word' id='word_1_94' title='bbox 449 1612 504 1651; x_wconf 84' lang='lat' dir='ltr'><strong>sunt</strong></span> <span class='ocrx_word' id='word_1_95' title='bbox 512 1619 555 1668; x_wconf 88' lang='lat' dir='ltr'><strong>per</strong></span> <span class='ocrx_word' id='word_1_96' title='bbox 564 1609 669 1650; x_wconf 82' lang='lat' dir='ltr'><strong>tornum.</strong></span> <span class='ocrx_word' id='word_1_97' title='bbox 703 1619 745 1667; x_wconf 87' lang='lat' dir='ltr'><strong>ge,</strong></span> <span class='ocrx_word' id='word_1_98' title='bbox 770 1604 863 1668; x_wconf 79' lang='lat' dir='ltr'><strong>iuquit,</strong></span> <span class='ocrx_word' id='word_1_99' title='bbox 881 1604 919 1650; x_wconf 83' lang='lat' dir='ltr'><strong>Et</strong></span> <span class='ocrx_word' id='word_1_100' title='bbox 939 1605 1003 1651; x_wconf 81' lang='lat' dir='ltr'><strong>mule</strong></span> <span class='ocrx_word' id='word_1_101' title='bbox 1018 1610 1057 1651; x_wconf 88' lang='lat' dir='ltr'><strong>ter</strong></span> <span class='ocrx_word' id='word_1_102' title='bbox 1073 1611 1145 1651; x_wconf 86' lang='lat' dir='ltr'><strong>nutoe</strong></span> <span class='ocrx_word' id='word_1_103' title='bbox 1158 1604 1200 1651; x_wconf 76' lang='grc' dir='ltr'><strong>ὑι-</strong></span> 
     </span>
     <span class='ocr_line' id='line_1_13' title="bbox 175 1686 1200 1755; baseline 0.003 -20"><span class='ocrx_word' id='word_1_104' title='bbox 175 1689 290 1754; x_wconf 73' lang='lat' dir='ltr'><strong>Accepere</strong></span> <span class='ocrx_word' id='word_1_105' title='bbox 302 1689 402 1754; x_wconf 81' lang='lat' dir='ltr'><strong>figuram</strong></span> <span class='ocrx_word' id='word_1_106' title='bbox 415 1687 553 1750; x_wconf 79' lang='lat' dir='ltr'><strong>rotundam,</strong></span> <span class='ocrx_word' id='word_1_107' title='bbox 570 1686 612 1735; x_wconf 83' lang='lat' dir='ltr'><strong>sed</strong></span> <span class='ocrx_word' id='word_1_108' title='bbox 624 1703 670 1735; x_wconf 90' lang='lat' dir='ltr'><strong>non</strong></span> <span class='ocrx_word' id='word_1_109' title='bbox 703 1688 761 1735; x_wconf 79' lang='lat' dir='ltr'><strong>cudi</strong></span> <span class='ocrx_word' id='word_1_110' title='bbox 773 1689 872 1736; x_wconf 87' lang='lat' dir='ltr'><strong>reddere</strong></span> <span class='ocrx_word' id='word_1_111' title='bbox 887 1703 980 1738; x_wconf 72' lang='lat' dir='ltr'><strong>meree.</strong></span> <span class='ocrx_word' id='word_1_112' title='bbox 997 1689 1081 1737; x_wconf 81' lang='lat' dir='ltr'><strong>lereus</strong></span> <span class='ocrx_word' id='word_1_113' title='bbox 1091 1699 1116 1737; x_wconf 90' lang='lat' dir='ltr'><strong>et</strong></span> <span class='ocrx_word' id='word_1_114' title='bbox 1127 1705 1200 1755; x_wconf 78' lang='lat' dir='ltr'><strong>opere</strong></span> 
     </span>
     <span class='ocr_line' id='line_1_14' title="bbox 175 1773 1200 1840; baseline 0.001 -19"><span class='ocrx_word' id='word_1_115' title='bbox 175 1775 281 1839; x_wconf 78' lang='lat' dir='ltr'><strong>perfecte</strong></span> <span class='ocrx_word' id='word_1_116' title='bbox 293 1773 424 1821; x_wconf 79' lang='lat' dir='ltr'><strong>rotundum.</strong></span> <span class='ocrx_word' id='word_1_117' title='bbox 433 1775 465 1821; x_wconf 80' lang='lat' dir='ltr'><strong>lie</strong></span> <span class='ocrx_word' id='word_1_118' title='bbox 473 1774 548 1821; x_wconf 85' lang='lat' dir='ltr'><strong>forma</strong></span> <span class='ocrx_word' id='word_1_119' title='bbox 560 1782 671 1837; x_wconf 82' lang='lat' dir='ltr'><strong>corrupte</strong></span> <span class='ocrx_word' id='word_1_120' title='bbox 703 1775 761 1838; x_wconf 77' lang='lat' dir='ltr'><strong>quin</strong></span> <span class='ocrx_word' id='word_1_121' title='bbox 769 1783 834 1821; x_wconf 87' lang='lat' dir='ltr'><strong>recte</strong></span> <span class='ocrx_word' id='word_1_122' title='bbox 851 1783 876 1821; x_wconf 86' lang='lat' dir='ltr'><strong>et</strong></span> <span class='ocrx_word' id='word_1_123' title='bbox 889 1776 1006 1840; x_wconf 74' lang='lat' dir='ltr'><strong>exquisite</strong></span> <span class='ocrx_word' id='word_1_124' title='bbox 1017 1774 1126 1823; x_wconf 82' lang='lat' dir='ltr'><strong>dicentur</strong></span> <span class='ocrx_word' id='word_1_125' title='bbox 1137 1782 1200 1822; x_wconf 84' lang='lat' dir='ltr'><strong>nutu</strong></span> 
     </span>
     <span class='ocr_line' id='line_1_15' title="bbox 175 1856 1201 1924; baseline 0.001 -17"><span class='ocrx_word' id='word_1_126' title='bbox 175 1875 219 1924; x_wconf 89' lang='lat' dir='ltr'><strong>per</strong></span> <span class='ocrx_word' id='word_1_127' title='bbox 232 1870 325 1907; x_wconf 89' lang='lat' dir='ltr'><strong>tomum</strong></span> <span class='ocrx_word' id='word_1_128' title='bbox 337 1876 384 1906; x_wconf 93' lang='lat' dir='ltr'><strong>non</strong></span> <span class='ocrx_word' id='word_1_129' title='bbox 397 1859 468 1907; x_wconf 76' lang='lat' dir='ltr'><strong>facile</strong></span> <span class='ocrx_word' id='word_1_130' title='bbox 482 1856 672 1922; x_wconf 82' lang='lat' dir='ltr'><strong>corrigitur,sed</strong></span> <span class='ocrx_word' id='word_1_131' title='bbox 704 1875 775 1906; x_wconf 77' lang='lat' dir='ltr'><strong>manu</strong></span> <span class='ocrx_word' id='word_1_132' title='bbox 791 1861 906 1922; x_wconf 80' lang='lat' dir='ltr'><strong>auctoris,</strong></span> <span class='ocrx_word' id='word_1_133' title='bbox 922 1877 970 1908; x_wconf 92' lang='lat' dir='ltr'><strong>non</strong></span> <span class='ocrx_word' id='word_1_134' title='bbox 986 1858 1129 1910; x_wconf 84' lang='lat' dir='ltr'><strong>dubitemne.</strong></span> <span class='ocrx_word' id='word_1_135' title='bbox 1155 1860 1201 1908; x_wconf 82' lang='lat' dir='ltr'><strong>No-</strong></span> 
     </span>
     <span class='ocr_line' id='line_1_16' title="bbox 174 1942 1200 2010; baseline 0.001 -18"><span class='ocrx_word' id='word_1_136' title='bbox 174 1946 201 1993; x_wconf 90' lang='lat' dir='ltr'><strong>in</strong></span> <span class='ocrx_word' id='word_1_137' title='bbox 216 1960 313 1992; x_wconf 73' lang='lat' dir='ltr'><strong>mamam</strong></span> <span class='ocrx_word' id='word_1_138' title='bbox 333 1943 410 1992; x_wconf 87' lang='lat' dir='ltr'><strong>redire</strong></span> <span class='ocrx_word' id='word_1_139' title='bbox 432 1942 512 1992; x_wconf 84' lang='lat' dir='ltr'><strong>debet.</strong></span> <span class='ocrx_word' id='word_1_140' title='bbox 536 1944 566 1990; x_wconf 89' lang='lat' dir='ltr'><strong>llt</strong></span> <span class='ocrx_word' id='word_1_141' title='bbox 582 1943 671 1990; x_wconf 88' lang='lat' dir='ltr'><strong>ferrum</strong></span> <span class='ocrx_word' id='word_1_142' title='bbox 702 1945 778 1991; x_wconf 79' lang='lat' dir='ltr'><strong>vimus</strong></span> <span class='ocrx_word' id='word_1_143' title='bbox 794 1943 883 1993; x_wconf 89' lang='lat' dir='ltr'><strong>dictum</strong></span> <span class='ocrx_word' id='word_1_144' title='bbox 897 1944 1140 2010; x_wconf 77' lang='lat' dir='ltr'><strong>Epaminondeeepud</strong></span> <span class='ocrx_word' id='word_1_145' title='bbox 1153 1945 1200 1994; x_wconf 85' lang='lat' dir='ltr'><strong>Ne·</strong></span> 
     </span>
     <span class='ocr_line' id='line_1_17' title="bbox 174 2027 1203 2094; baseline 0.002 -18"><span class='ocrx_word' id='word_1_146' title='bbox 174 2027 257 2076; x_wconf 77' lang='lat' dir='ltr'><strong>redeat</strong></span> <span class='ocrx_word' id='word_1_147' title='bbox 271 2031 297 2076; x_wconf 93' lang='lat' dir='ltr'><strong>in</strong></span> <span class='ocrx_word' id='word_1_148' title='bbox 313 2045 424 2090; x_wconf 80' lang='lat' dir='ltr'><strong>meeeern,</strong></span> <span class='ocrx_word' id='word_1_149' title='bbox 440 2028 613 2092; x_wconf 78' lang='lat' dir='ltr'><strong>drffngendecm</strong></span> <span class='ocrx_word' id='word_1_150' title='bbox 622 2038 669 2076; x_wconf 76' lang='lat' dir='ltr'><strong>eut:</strong></span> <span class='ocrx_word' id='word_1_151' title='bbox 704 2038 783 2093; x_wconf 89' lang='lat' dir='ltr'><strong>potem</strong></span> <span class='ocrx_word' id='word_1_152' title='bbox 800 2032 838 2078; x_wconf 85' lang='lat' dir='ltr'><strong>lo.</strong></span> <span class='ocrx_word' id='word_1_153' title='bbox 861 2032 903 2078; x_wconf 75' lang='lat' dir='ltr'><strong>En</strong></span> <span class='ocrx_word' id='word_1_154' title='bbox 922 2046 961 2078; x_wconf 83' lang='lat' dir='ltr'><strong>me</strong></span> <span class='ocrx_word' id='word_1_155' title='bbox 980 2039 1065 2078; x_wconf 84' lang='lat' dir='ltr'><strong>nutam</strong></span> <span class='ocrx_word' id='word_1_156' title='bbox 1087 2032 1203 2094; x_wconf 81' lang='lat' dir='ltr'><strong>relinquo</strong></span> 
     </span>
     <span class='ocr_line' id='line_1_18' title="bbox 175 2111 1198 2178; baseline 0.007 -18"><span class='ocrx_word' id='word_1_157' title='bbox 175 2123 204 2161; x_wconf 91' lang='lat' dir='ltr'><strong>ut</strong></span> <span class='ocrx_word' id='word_1_158' title='bbox 224 2113 377 2178; x_wconf 80' lang='lat' dir='ltr'><strong>diffingetur,</strong></span> <span class='ocrx_word' id='word_1_159' title='bbox 402 2111 547 2161; x_wconf 90' lang='lat' dir='ltr'><strong>reddendum</strong></span> <span class='ocrx_word' id='word_1_160' title='bbox 571 2112 668 2175; x_wconf 89' lang='lat' dir='ltr'><strong>incudi,</strong></span> <span class='ocrx_word' id='word_1_161' title='bbox 696 2130 810 2178; x_wconf 71' lang='lat' dir='ltr'><strong>pergerem</strong></span> <span class='ocrx_word' id='word_1_162' title='bbox 827 2117 988 2165; x_wconf 65' lang='lat' dir='ltr'><strong>Leuctricam.</strong></span> <span class='ocrx_word' id='word_1_163' title='bbox 1011 2114 1105 2164; x_wconf 73' lang='lat' dir='ltr'><strong>Ovidius</strong></span> <span class='ocrx_word' id='word_1_164' title='bbox 1124 2116 1198 2167; x_wconf 83' lang='lat' dir='ltr'><strong>Triet.</strong></span> 
     </span>
     <span class='ocr_line' id='line_1_19' title="bbox 175 2198 1202 2265; baseline 0.002 -17"><span class='ocrx_word' id='word_1_165' title='bbox 175 2198 238 2248; x_wconf 90' lang='lat' dir='ltr'><strong>unde</strong></span> <span class='ocrx_word' id='word_1_166' title='bbox 254 2198 285 2248; x_wconf 87' lang='lat' dir='ltr'><strong>ed</strong></span> <span class='ocrx_word' id='word_1_167' title='bbox 297 2209 391 2247; x_wconf 87' lang='lat' dir='ltr'><strong>toruum</strong></span> <span class='ocrx_word' id='word_1_168' title='bbox 404 2198 500 2264; x_wconf 90' lang='lat' dir='ltr'><strong>prodiit.</strong></span> <span class='ocrx_word' id='word_1_169' title='bbox 519 2199 607 2246; x_wconf 83' lang='lat' dir='ltr'><strong>Torum</strong></span> <span class='ocrx_word' id='word_1_170' title='bbox 622 2215 669 2247; x_wconf 88' lang='lat' dir='ltr'><strong>non</strong></span> <span class='ocrx_word' id='word_1_171' title='bbox 702 2199 806 2263; x_wconf 82' lang='lat' dir='ltr'><strong>111,x1v‚</strong></span> <span class='ocrx_word' id='word_1_172' title='bbox 816 2202 856 2250; x_wconf 82' lang='lat'><strong>14.</strong></span> <span class='ocrx_word' id='word_1_173' title='bbox 871 2202 985 2250; x_wconf 83' lang='lat' dir='ltr'><strong>Pulludie</strong></span> <span class='ocrx_word' id='word_1_174' title='bbox 993 2202 1112 2265; x_wconf 68' lang='lat' dir='ltr'><strong>exemplo,</strong></span> <span class='ocrx_word' id='word_1_175' title='bbox 1125 2201 1202 2250; x_wconf 84' lang='lat' dir='ltr'><strong>deme</strong></span> 
     </span>
     <span class='ocr_line' id='line_1_20' title="bbox 174 2283 1201 2352; baseline 0.003 -19"><span class='ocrx_word' id='word_1_176' title='bbox 174 2286 399 2352; x_wconf 82' lang='lat' dir='ltr'><strong>poteetde&#39;ffingere.</strong></span> <span class='ocrx_word' id='word_1_177' title='bbox 416 2285 453 2333; x_wconf 82' lang='lat' dir='ltr'><strong>Ite</strong></span> <span class='ocrx_word' id='word_1_178' title='bbox 467 2302 496 2333; x_wconf 88' lang='lat' dir='ltr'><strong>ex</strong></span> <span class='ocrx_word' id='word_1_179' title='bbox 509 2283 595 2332; x_wconf 82' lang='lat' dir='ltr'><strong>incude</strong></span> <span class='ocrx_word' id='word_1_180' title='bbox 608 2283 671 2332; x_wconf 85' lang='lat' dir='ltr'><strong>redit</strong></span> <span class='ocrx_word' id='word_1_181' title='bbox 703 2286 758 2332; x_wconf 83' lang='lat' dir='ltr'><strong>eine</strong></span> <span class='ocrx_word' id='word_1_182' title='bbox 781 2294 861 2334; x_wconf 82' lang='lat' dir='ltr'><strong>matre</strong></span> <span class='ocrx_word' id='word_1_183' title='bbox 884 2295 968 2335; x_wconf 85' lang='lat' dir='ltr'><strong>creatu</strong></span> <span class='ocrx_word' id='word_1_184' title='bbox 993 2287 1109 2335; x_wconf 69' lang='lat' dir='ltr'><strong>Camena</strong></span> <span class='ocrx_word' id='word_1_185' title='bbox 1131 2295 1201 2337; x_wconf 74' lang='lat' dir='ltr'><strong>ercet.</strong></span> 
     </span>
     <span class='ocr_line' id='line_1_21' title="bbox 175 2370 1200 2436; baseline 0 -16"><span class='ocrx_word' id='word_1_186' title='bbox 175 2370 206 2420; x_wconf 80' lang='lat' dir='ltr'><strong>ed</strong></span> <span class='ocrx_word' id='word_1_187' title='bbox 221 2382 322 2421; x_wconf 86' lang='lat' dir='ltr'><strong>tornum.</strong></span> <span class='ocrx_word' id='word_1_188' title='bbox 343 2374 410 2418; x_wconf 87' lang='lat' dir='ltr'><strong>Bene</strong></span> <span class='ocrx_word' id='word_1_189' title='bbox 434 2380 459 2418; x_wconf 89' lang='lat' dir='ltr'><strong>et</strong></span> <span class='ocrx_word' id='word_1_190' title='bbox 478 2372 541 2418; x_wconf 82' lang='lat' dir='ltr'><strong>mule</strong></span> <span class='ocrx_word' id='word_1_191' title='bbox 558 2377 671 2418; x_wconf 72' lang='lat' dir='ltr'><strong>tornatus</strong></span> <span class='ocrx_word' id='word_1_192' title='bbox 703 2373 790 2435; x_wconf 83' lang='lat' dir='ltr'><strong>Stirpe</strong></span> <span class='ocrx_word' id='word_1_193' title='bbox 814 2373 872 2419; x_wconf 81' lang='lat' dir='ltr'><strong>lucc</strong></span> <span class='ocrx_word' id='word_1_194' title='bbox 889 2374 1069 2436; x_wconf 72' lang='lat' dir='ltr'><strong>progeniesque</strong></span> <span class='ocrx_word' id='word_1_195' title='bbox 1083 2387 1137 2420; x_wconf 81' lang='lat' dir='ltr'><strong>ntea</strong></span> <span class='ocrx_word' id='word_1_196' title='bbox 1152 2380 1200 2422; x_wconf 80' lang='lat' dir='ltr'><strong>eet.</strong></span> 
     </span>
     <span class='ocr_line' id='line_1_22' title="bbox 175 2454 1201 2520; baseline 0.003 -16"><span class='ocrx_word' id='word_1_197' title='bbox 175 2459 268 2505; x_wconf 86' lang='lat' dir='ltr'><strong>omnino</strong></span> <span class='ocrx_word' id='word_1_198' title='bbox 284 2467 348 2504; x_wconf 84' lang='lat' dir='ltr'><strong>recte</strong></span> <span class='ocrx_word' id='word_1_199' title='bbox 363 2454 457 2504; x_wconf 90' lang='lat' dir='ltr'><strong>dicitur.</strong></span> <span class='ocrx_word' id='word_1_200' title='bbox 477 2455 616 2516; x_wconf 82' lang='lat' dir='ltr'><strong>Perfectum</strong></span> <span class='ocrx_word' id='word_1_201' title='bbox 631 2456 670 2502; x_wconf 83' lang='lat' dir='ltr'><strong>ab·</strong></span> <span class='ocrx_word' id='word_1_202' title='bbox 702 2455 827 2504; x_wconf 84' lang='lat' dir='ltr'><strong>Suetonius</strong></span> <span class='ocrx_word' id='word_1_203' title='bbox 838 2456 922 2505; x_wconf 85' lang='lat' dir='ltr'><strong>Neron.</strong></span> <span class='ocrx_word' id='word_1_204' title='bbox 935 2458 976 2505; x_wconf 79' lang='grc'><strong>52,</strong></span> <span class='ocrx_word' id='word_1_205' title='bbox 999 2473 1084 2505; x_wconf 62' lang='lat' dir='ltr'><strong>owner</strong></span> <span class='ocrx_word' id='word_1_206' title='bbox 1097 2460 1169 2520; x_wconf 71' lang='lat' dir='ltr'><strong>quael</strong></span> <span class='ocrx_word' id='word_1_207' title='bbox 1183 2473 1201 2507; x_wconf 82' lang='lat' dir='ltr'><strong>u</strong></span> 
     </span>
     <span class='ocr_line' id='line_1_23' title="bbox 175 2540 1201 2605; baseline 0.002 -15"><span class='ocrx_word' id='word_1_208' title='bbox 175 2544 282 2590; x_wconf 75' lang='lat' dir='ltr'><strong>solutum</strong></span> <span class='ocrx_word' id='word_1_209' title='bbox 305 2542 331 2588; x_wconf 89' lang='lat' dir='ltr'><strong>in</strong></span> <span class='ocrx_word' id='word_1_210' title='bbox 347 2540 413 2588; x_wconf 92' lang='lat' dir='ltr'><strong>nullo</strong></span> <span class='ocrx_word' id='word_1_211' title='bbox 434 2541 534 2587; x_wconf 79' lang='lat' dir='ltr'><strong>artificio</strong></span> <span class='ocrx_word' id='word_1_212' title='bbox 556 2541 668 2588; x_wconf 86' lang='lat' dir='ltr'><strong>cernitur.</strong></span> <span class='ocrx_word' id='word_1_213' title='bbox 701 2542 828 2605; x_wconf 78' lang='lat' dir='ltr'><strong>cogitante</strong></span> <span class='ocrx_word' id='word_1_214' title='bbox 840 2547 913 2604; x_wconf 75' lang='lat' dir='ltr'><strong>utqcre</strong></span> <span class='ocrx_word' id='word_1_215' title='bbox 925 2549 1061 2605; x_wconf 80' lang='lat' dir='ltr'><strong>generante</strong></span> <span class='ocrx_word' id='word_1_216' title='bbox 1077 2550 1201 2593; x_wconf 76' lang='lat' dir='ltr'><strong>coaretor.</strong></span> 
     </span>
     <span class='ocr_line' id='line_1_24' title="bbox 173 2623 1201 2693; baseline 0.004 -20"><span class='ocrx_word' id='word_1_217' title='bbox 173 2624 305 2674; x_wconf 76' lang='lat' dir='ltr'><strong>titulatio</strong></span> <span class='ocrx_word' id='word_1_218' title='bbox 318 2627 391 2690; x_wconf 80' lang='lat' dir='ltr'><strong>magis</strong></span> <span class='ocrx_word' id='word_1_219' title='bbox 403 2623 433 2672; x_wconf 81' lang='lat' dir='ltr'><strong>ed</strong></span> <span class='ocrx_word' id='word_1_220' title='bbox 446 2626 616 2690; x_wconf 82' lang='lat' dir='ltr'><strong>perfectionem</strong></span> <span class='ocrx_word' id='word_1_221' title='bbox 632 2642 670 2673; x_wconf 80' lang='lat' dir='ltr'><strong>ec·</strong></span> <span class='ocrx_word' id='word_1_222' title='bbox 701 2625 791 2673; x_wconf 85' lang='lat' dir='ltr'><strong>Stetiue</strong></span> <span class='ocrx_word' id='word_1_223' title='bbox 803 2624 860 2674; x_wconf 87' lang='lat' dir='ltr'><strong>Silr.</strong></span> <span class='ocrx_word' id='word_1_224' title='bbox 877 2626 909 2687; x_wconf 81' lang='lat' dir='ltr'><strong>l,</strong></span> <span class='ocrx_word' id='word_1_225' title='bbox 923 2639 946 2688; x_wconf 89' lang='lat'><strong>1,</strong></span> <span class='ocrx_word' id='word_1_226' title='bbox 960 2628 985 2675; x_wconf 82' lang='grc'><strong>6.</strong></span> <span class='ocrx_word' id='word_1_227' title='bbox 1010 2628 1043 2674; x_wconf 85' lang='lat' dir='ltr'><strong>Ut</strong></span> <span class='ocrx_word' id='word_1_228' title='bbox 1055 2630 1096 2675; x_wconf 82' lang='lat' dir='ltr'><strong>ecl</strong></span> <span class='ocrx_word' id='word_1_229' title='bbox 1105 2629 1201 2693; x_wconf 83' lang='lat' dir='ltr'><strong>Apolle&#39;·</strong></span> 
     </span>
     <span class='ocr_line' id='line_1_25' title="bbox 175 2710 1202 2777; baseline 0.004 -18"><span class='ocrx_word' id='word_1_230' title='bbox 175 2710 252 2774; x_wconf 87' lang='lat' dir='ltr'><strong>cedit,</strong></span> <span class='ocrx_word' id='word_1_231' title='bbox 285 2712 360 2776; x_wconf 81' lang='lat' dir='ltr'><strong>ipsum</strong></span> <span class='ocrx_word' id='word_1_232' title='bbox 384 2712 553 2777; x_wconf 81' lang='lat' dir='ltr'><strong>perfectionem</strong></span> <span class='ocrx_word' id='word_1_233' title='bbox 576 2710 670 2759; x_wconf 89' lang='lat' dir='ltr'><strong>nullum</strong></span> <span class='ocrx_word' id='word_1_234' title='bbox 702 2712 844 2759; x_wconf 83' lang='lat' dir='ltr'><strong>neoeultue</strong></span> <span class='ocrx_word' id='word_1_235' title='bbox 855 2713 1060 2776; x_wconf 77' lang='lat' dir='ltr'><strong>eigoutucolorc,</strong></span> <span class='ocrx_word' id='word_1_236' title='bbox 1077 2714 1202 2763; x_wconf 65' lang='lat' dir='ltr'><strong>Pteleon</strong></span> 
     </span>
     <span class='ocr_line' id='line_1_26' title="bbox 175 2795 1200 2861; baseline 0.003 -16"><span class='ocrx_word' id='word_1_237' title='bbox 175 2796 263 2861; x_wconf 81' lang='lat' dir='ltr'><strong>hehet,</strong></span> <span class='ocrx_word' id='word_1_238' title='bbox 284 2799 374 2846; x_wconf 81' lang='lat' dir='ltr'><strong>rivere</strong></span> <span class='ocrx_word' id='word_1_239' title='bbox 395 2795 525 2844; x_wconf 78' lang='lat' dir='ltr'><strong>iudicemus</strong></span> <span class='ocrx_word' id='word_1_240' title='bbox 546 2806 570 2843; x_wconf 92' lang='lat' dir='ltr'><strong>et</strong></span> <span class='ocrx_word' id='word_1_241' title='bbox 585 2813 624 2844; x_wconf 84' lang='lat' dir='ltr'><strong>ree</strong></span> <span class='ocrx_word' id='word_1_242' title='bbox 639 2795 670 2844; x_wconf 87' lang='lat' dir='ltr'><strong>ed</strong></span> <span class='ocrx_word' id='word_1_243' title='bbox 701 2797 742 2842; x_wconf 87' lang='lat' dir='ltr'><strong>vel</strong></span> <span class='ocrx_word' id='word_1_244' title='bbox 763 2803 824 2843; x_wconf 82' lang='lat' dir='ltr'><strong>reatu</strong></span> <span class='ocrx_word' id='word_1_245' title='bbox 852 2813 942 2860; x_wconf 78' lang='lat' dir='ltr'><strong>monce,</strong></span> <span class='ocrx_word' id='word_1_246' title='bbox 967 2799 1068 2847; x_wconf 84' lang='lat' dir='ltr'><strong>reddere</strong></span> <span class='ocrx_word' id='word_1_247' title='bbox 1097 2800 1200 2848; x_wconf 75' lang='lat' dir='ltr'><strong>dolenti.</strong></span> 
     </span>
     <span class='ocr_line' id='line_1_27' title="bbox 174 2879 1202 2946; baseline 0.001 -15"><span class='ocrx_word' id='word_1_248' title='bbox 174 2884 253 2931; x_wconf 78' lang='lat' dir='ltr'><strong>virum</strong></span> <span class='ocrx_word' id='word_1_249' title='bbox 266 2899 404 2931; x_wconf 76' lang='lat' dir='ltr'><strong>resecemus.</strong></span> <span class='ocrx_word' id='word_1_250' title='bbox 421 2881 487 2946; x_wconf 81' lang='lat' dir='ltr'><strong>Quod</strong></span> <span class='ocrx_word' id='word_1_251' title='bbox 503 2882 612 2928; x_wconf 63' lang='lat' dir='ltr'><strong>monime</strong></span> <span class='ocrx_word' id='word_1_252' title='bbox 626 2897 672 2929; x_wconf 80' lang='lat' dir='ltr'><strong>nu·</strong></span> <span class='ocrx_word' id='word_1_253' title='bbox 703 2879 843 2930; x_wconf 78' lang='lat' dir='ltr'><strong>Claudianus</strong></span> <span class='ocrx_word' id='word_1_254' title='bbox 859 2881 887 2930; x_wconf 92' lang='lat' dir='ltr'><strong>de</strong></span> <span class='ocrx_word' id='word_1_255' title='bbox 904 2882 969 2932; x_wconf 80' lang='lat' dir='ltr'><strong>Cone.</strong></span> <span class='ocrx_word' id='word_1_256' title='bbox 983 2883 1059 2931; x_wconf 85' lang='lat' dir='ltr'><strong>llnllii</strong></span> <span class='ocrx_word' id='word_1_257' title='bbox 1077 2886 1132 2933; x_wconf 83' lang='lat'><strong>115.</strong></span> <span class='ocrx_word' id='word_1_258' title='bbox 1157 2899 1202 2932; x_wconf 86' lang='lat' dir='ltr'><strong>nu-</strong></span> 
     </span>
     <span class='ocr_line' id='line_1_28' title="bbox 173 2966 1201 3033; baseline 0.002 -17"><span class='ocrx_word' id='word_1_259' title='bbox 173 2971 252 3017; x_wconf 78' lang='lat' dir='ltr'><strong>meris</strong></span> <span class='ocrx_word' id='word_1_260' title='bbox 259 2969 397 3033; x_wconf 79' lang='lat' dir='ltr'><strong>perfectum</strong></span> <span class='ocrx_word' id='word_1_261' title='bbox 406 2974 432 3015; x_wconf 89' lang='lat' dir='ltr'><strong>et</strong></span> <span class='ocrx_word' id='word_1_262' title='bbox 444 2968 580 3015; x_wconf 77' lang='lat' dir='ltr'><strong>absolutum</strong></span> <span class='ocrx_word' id='word_1_263' title='bbox 589 2966 671 3030; x_wconf 78' lang='lat' dir='ltr'><strong>appel·</strong></span> <span class='ocrx_word' id='word_1_264' title='bbox 703 2975 799 3015; x_wconf 83' lang='lat' dir='ltr'><strong>eoentee</strong></span> <span class='ocrx_word' id='word_1_265' title='bbox 813 2969 885 3016; x_wconf 85' lang='lat' dir='ltr'><strong>e&#39;lont</strong></span> <span class='ocrx_word' id='word_1_266' title='bbox 900 2969 930 3015; x_wconf 83' lang='lat' dir='ltr'><strong>e&#39;n</strong></span> <span class='ocrx_word' id='word_1_267' title='bbox 945 2970 1042 3016; x_wconf 85' lang='lat' dir='ltr'><strong>euecnlu</strong></span> <span class='ocrx_word' id='word_1_268' title='bbox 1054 2971 1123 3019; x_wconf 78' lang='lat' dir='ltr'><strong>lilrr&#39;.</strong></span> <span class='ocrx_word' id='word_1_269' title='bbox 1139 2968 1201 3033; x_wconf 85' lang='lat' dir='ltr'><strong>Sed,</strong></span> 
     </span>
     <span class='ocr_line' id='line_1_29' title="bbox 174 3049 1201 3119; baseline 0.002 -18"><span class='ocrx_word' id='word_1_270' title='bbox 174 3053 239 3102; x_wconf 86' lang='lat' dir='ltr'><strong>lutur</strong></span> <span class='ocrx_word' id='word_1_271' title='bbox 254 3052 284 3101; x_wconf 82' lang='lat' dir='ltr'><strong>ab</strong></span> <span class='ocrx_word' id='word_1_272' title='bbox 303 3053 360 3115; x_wconf 90' lang='lat' dir='ltr'><strong>hoc,</strong></span> <span class='ocrx_word' id='word_1_273' title='bbox 384 3052 495 3117; x_wconf 87' lang='lat' dir='ltr'><strong>culpetur</strong></span> <span class='ocrx_word' id='word_1_274' title='bbox 511 3049 629 3099; x_wconf 88' lang='lat' dir='ltr'><strong>interdum</strong></span> <span class='ocrx_word' id='word_1_275' title='bbox 645 3052 671 3099; x_wconf 92' lang='lat' dir='ltr'><strong>in</strong></span> <span class='ocrx_word' id='word_1_276' title='bbox 703 3061 732 3100; x_wconf 88' lang='lat' dir='ltr'><strong>ut</strong></span> <span class='ocrx_word' id='word_1_277' title='bbox 746 3052 815 3100; x_wconf 90' lang='lat' dir='ltr'><strong>homo</strong></span> <span class='ocrx_word' id='word_1_278' title='bbox 831 3055 918 3115; x_wconf 78' lang='lat' dir='ltr'><strong>cernel,</strong></span> <span class='ocrx_word' id='word_1_279' title='bbox 941 3070 1061 3119; x_wconf 79' lang='lat' dir='ltr'><strong>nunquam</strong></span> <span class='ocrx_word' id='word_1_280' title='bbox 1077 3056 1129 3118; x_wconf 84' lang='lat' dir='ltr'><strong>lie,</strong></span> <span class='ocrx_word' id='word_1_281' title='bbox 1148 3062 1201 3118; x_wconf 85' lang='lat' dir='ltr'><strong>ter,</strong></span> 
     </span>
     <span class='ocr_line' id='line_1_30' title="bbox 175 3135 1202 3204; baseline 0.004 -19"><span class='ocrx_word' id='word_1_282' title='bbox 175 3137 293 3204; x_wconf 77' lang='lat' dir='ltr'><strong>particule</strong></span> <span class='ocrx_word' id='word_1_283' title='bbox 309 3138 390 3203; x_wconf 81' lang='lat' dir='ltr'><strong>alique</strong></span> <span class='ocrx_word' id='word_1_284' title='bbox 413 3137 443 3186; x_wconf 84' lang='lat' dir='ltr'><strong>eb</strong></span> <span class='ocrx_word' id='word_1_285' title='bbox 459 3136 511 3185; x_wconf 92' lang='lat' dir='ltr'><strong>illo.</strong></span> <span class='ocrx_word' id='word_1_286' title='bbox 545 3137 592 3184; x_wconf 85' lang='lat' dir='ltr'><strong>Nec</strong></span> <span class='ocrx_word' id='word_1_287' title='bbox 608 3135 672 3202; x_wconf 86' lang='lat' dir='ltr'><strong>quod</strong></span> <span class='ocrx_word' id='word_1_288' title='bbox 703 3139 821 3199; x_wconf 86' lang='lat' dir='ltr'><strong>nuscitur,</strong></span> <span class='ocrx_word' id='word_1_289' title='bbox 846 3140 881 3186; x_wconf 87' lang='lat' dir='ltr'><strong>ite</strong></span> <span class='ocrx_word' id='word_1_290' title='bbox 906 3147 931 3186; x_wconf 91' lang='lat' dir='ltr'><strong>et</strong></span> <span class='ocrx_word' id='word_1_291' title='bbox 947 3155 1040 3189; x_wconf 70' lang='lat' dir='ltr'><strong>verente</strong></span> <span class='ocrx_word' id='word_1_292' title='bbox 1063 3140 1142 3202; x_wconf 89' lang='lat' dir='ltr'><strong>Idem,</strong></span> <span class='ocrx_word' id='word_1_293' title='bbox 1164 3142 1202 3188; x_wconf 92' lang='lat' dir='ltr'><strong>iu·</strong></span> 
     </span>
     <span class='ocr_line' id='line_1_31' title="bbox 174 3221 1201 3288; baseline 0.004 -18"><span class='ocrx_word' id='word_1_294' title='bbox 174 3238 218 3287; x_wconf 90' lang='lat' dir='ltr'><strong>per</strong></span> <span class='ocrx_word' id='word_1_295' title='bbox 233 3231 326 3271; x_wconf 84' lang='lat' dir='ltr'><strong>tornum</strong></span> <span class='ocrx_word' id='word_1_296' title='bbox 343 3224 471 3285; x_wconf 81' lang='lat' dir='ltr'><strong>formatur,</strong></span> <span class='ocrx_word' id='word_1_297' title='bbox 485 3232 581 3287; x_wconf 87' lang='lat' dir='ltr'><strong>propter</strong></span> <span class='ocrx_word' id='word_1_298' title='bbox 594 3221 620 3270; x_wconf 91' lang='lat' dir='ltr'><strong>id</strong></span> <span class='ocrx_word' id='word_1_299' title='bbox 632 3223 669 3287; x_wconf 88' lang='lat' dir='ltr'><strong>ip·</strong></span> <span class='ocrx_word' id='word_1_300' title='bbox 702 3239 786 3288; x_wconf 80' lang='lat' dir='ltr'><strong>quem,</strong></span> <span class='ocrx_word' id='word_1_301' title='bbox 802 3239 882 3271; x_wconf 72' lang='lat' dir='ltr'><strong>nereus</strong></span> <span class='ocrx_word' id='word_1_302' title='bbox 898 3227 974 3273; x_wconf 77' lang='lat' dir='ltr'><strong>cernel</strong></span> <span class='ocrx_word' id='word_1_303' title='bbox 983 3227 1098 3276; x_wconf 85' lang='lat' dir='ltr'><strong>nescitur.</strong></span> <span class='ocrx_word' id='word_1_304' title='bbox 1120 3227 1201 3274; x_wconf 74' lang='lat' dir='ltr'><strong>Potest</strong></span> 
     </span>
     <span class='ocr_line' id='line_1_32' title="bbox 174 3306 1202 3373; baseline 0.003 -16"><span class='ocrx_word' id='word_1_305' title='bbox 174 3325 226 3357; x_wconf 86' lang='lat' dir='ltr'><strong>eum</strong></span> <span class='ocrx_word' id='word_1_306' title='bbox 242 3309 425 3372; x_wconf 87' lang='lat' dir='ltr'><strong>eetperfectum.</strong></span> <span class='ocrx_word' id='word_1_307' title='bbox 441 3306 669 3356; x_wconf 79' lang='lat' dir='ltr'><strong>Vecillatintcrdum</strong></span> <span class='ocrx_word' id='word_1_308' title='bbox 702 3308 803 3372; x_wconf 83' lang='lat' dir='ltr'><strong>corrigi,</strong></span> <span class='ocrx_word' id='word_1_309' title='bbox 828 3311 929 3372; x_wconf 76' lang='lat' dir='ltr'><strong>mutari,</strong></span> <span class='ocrx_word' id='word_1_310' title='bbox 954 3318 1008 3372; x_wconf 89' lang='lat' dir='ltr'><strong>ter,</strong></span> <span class='ocrx_word' id='word_1_311' title='bbox 1033 3309 1125 3373; x_wconf 70' lang='lat' dir='ltr'><strong>decies,</strong></span> <span class='ocrx_word' id='word_1_312' title='bbox 1146 3327 1202 3359; x_wconf 88' lang='lat' dir='ltr'><strong>cen·</strong></span> 
     </span>
     <span class='ocr_line' id='line_1_33' title="bbox 174 3391 1202 3458; baseline 0.003 -16"><span class='ocrx_word' id='word_1_313' title='bbox 174 3410 256 3442; x_wconf 82' lang='lat' dir='ltr'><strong>menne</strong></span> <span class='ocrx_word' id='word_1_314' title='bbox 263 3394 374 3455; x_wconf 79' lang='lat' dir='ltr'><strong>artificis,</strong></span> <span class='ocrx_word' id='word_1_315' title='bbox 389 3393 427 3441; x_wconf 85' lang='lat' dir='ltr'><strong>rel</strong></span> <span class='ocrx_word' id='word_1_316' title='bbox 440 3395 622 3442; x_wconf 81' lang='lat' dir='ltr'><strong>instrumentum</strong></span> <span class='ocrx_word' id='word_1_317' title='bbox 631 3391 671 3441; x_wconf 91' lang='lat' dir='ltr'><strong>de-</strong></span> <span class='ocrx_word' id='word_1_318' title='bbox 703 3393 760 3440; x_wconf 85' lang='lat' dir='ltr'><strong>tiee:</strong></span> <span class='ocrx_word' id='word_1_319' title='bbox 778 3394 813 3440; x_wconf 81' lang='lat' dir='ltr'><strong>itu</strong></span> <span class='ocrx_word' id='word_1_320' title='bbox 829 3404 947 3443; x_wconf 80' lang='lat' dir='ltr'><strong>correctus</strong></span> <span class='ocrx_word' id='word_1_321' title='bbox 962 3394 1057 3449; x_wconf 85' lang='lat' dir='ltr'><strong>videtur</strong></span> <span class='ocrx_word' id='word_1_322' title='bbox 1072 3395 1148 3458; x_wconf 77' lang='lat' dir='ltr'><strong>elius,</strong></span> <span class='ocrx_word' id='word_1_323' title='bbox 1165 3406 1202 3445; x_wconf 84' lang='lat' dir='ltr'><strong>te·</strong></span> 
     </span>
     <span class='ocr_line' id='line_1_34' title="bbox 173 3477 1202 3546; baseline 0 -17"><span class='ocrx_word' id='word_1_324' title='bbox 173 3480 233 3529; x_wconf 87' lang='lat' dir='ltr'><strong>ficit.</strong></span> <span class='ocrx_word' id='word_1_325' title='bbox 247 3479 273 3527; x_wconf 89' lang='lat' dir='ltr'><strong>Si</strong></span> <span class='ocrx_word' id='word_1_326' title='bbox 288 3488 369 3527; x_wconf 86' lang='lat' dir='ltr'><strong>tornue</strong></span> <span class='ocrx_word' id='word_1_327' title='bbox 385 3478 448 3527; x_wconf 89' lang='lat' dir='ltr'><strong>nulli</strong></span> <span class='ocrx_word' id='word_1_328' title='bbox 464 3479 536 3526; x_wconf 87' lang='lat' dir='ltr'><strong>errori</strong></span> <span class='ocrx_word' id='word_1_329' title='bbox 553 3489 614 3527; x_wconf 85' lang='lat' dir='ltr'><strong>eseet</strong></span> <span class='ocrx_word' id='word_1_330' title='bbox 630 3477 672 3526; x_wconf 77' lang='lat' dir='ltr'><strong>ol&gt;-</strong></span> <span class='ocrx_word' id='word_1_331' title='bbox 704 3494 758 3526; x_wconf 82' lang='lat' dir='ltr'><strong>men</strong></span> <span class='ocrx_word' id='word_1_332' title='bbox 775 3487 810 3526; x_wconf 86' lang='lat' dir='ltr'><strong>eet</strong></span> <span class='ocrx_word' id='word_1_333' title='bbox 823 3477 885 3527; x_wconf 87' lang='lat' dir='ltr'><strong>idem</strong></span> <span class='ocrx_word' id='word_1_334' title='bbox 901 3479 944 3528; x_wconf 90' lang='lat' dir='ltr'><strong>ille</strong></span> <span class='ocrx_word' id='word_1_335' title='bbox 958 3483 1060 3546; x_wconf 88' lang='lat' dir='ltr'><strong>primum</strong></span> <span class='ocrx_word' id='word_1_336' title='bbox 1072 3490 1150 3528; x_wconf 69' lang='lat' dir='ltr'><strong>uetue-</strong></span> <span class='ocrx_word' id='word_1_337' title='bbox 1174 3480 1202 3530; x_wconf 84' lang='lat' dir='ltr'><strong>si</strong></span> 
     </span>
     <span class='ocr_line' id='line_1_35' title="bbox 173 3563 1202 3628; baseline -0.001 -14"><span class='ocrx_word' id='word_1_338' title='bbox 173 3567 274 3628; x_wconf 77' lang='lat' dir='ltr'><strong>noxius,</strong></span> <span class='ocrx_word' id='word_1_339' title='bbox 290 3564 357 3613; x_wconf 85' lang='lat' dir='ltr'><strong>nulle</strong></span> <span class='ocrx_word' id='word_1_340' title='bbox 372 3563 413 3612; x_wconf 88' lang='lat' dir='ltr'><strong>hic</strong></span> <span class='ocrx_word' id='word_1_341' title='bbox 429 3565 603 3628; x_wconf 76' lang='lat' dir='ltr'><strong>conspiceretur</strong></span> <span class='ocrx_word' id='word_1_342' title='bbox 617 3579 668 3625; x_wconf 85' lang='lat' dir='ltr'><strong>ere,</strong></span> <span class='ocrx_word' id='word_1_343' title='bbox 702 3572 767 3611; x_wconf 83' lang='lat' dir='ltr'><strong>totus</strong></span> <span class='ocrx_word' id='word_1_344' title='bbox 775 3574 895 3627; x_wconf 80' lang='lat' dir='ltr'><strong>mutetur,</strong></span> <span class='ocrx_word' id='word_1_345' title='bbox 912 3565 1029 3614; x_wconf 89' lang='lat' dir='ltr'><strong>nunidem</strong></span> <span class='ocrx_word' id='word_1_346' title='bbox 1036 3567 1142 3613; x_wconf 69' lang='lat' dir='ltr'><strong>nescitur</strong></span> <span class='ocrx_word' id='word_1_347' title='bbox 1151 3572 1202 3613; x_wconf 86' lang='lat' dir='ltr'><strong>ter-</strong></span> 
     </span>
     <span class='ocr_line' id='line_1_36' title="bbox 174 3648 1202 3715; baseline 0.002 -17"><span class='ocrx_word' id='word_1_348' title='bbox 174 3662 199 3698; x_wconf 92' lang='lat' dir='ltr'><strong>et</strong></span> <span class='ocrx_word' id='word_1_349' title='bbox 222 3650 261 3698; x_wconf 86' lang='lat' dir='ltr'><strong>rel</strong></span> <span class='ocrx_word' id='word_1_350' title='bbox 278 3651 355 3715; x_wconf 81' lang='lat' dir='ltr'><strong>quiris</strong></span> <span class='ocrx_word' id='word_1_351' title='bbox 374 3651 476 3698; x_wconf 83' lang='lat' dir='ltr'><strong>rueticue</strong></span> <span class='ocrx_word' id='word_1_352' title='bbox 497 3665 556 3714; x_wconf 89' lang='lat' dir='ltr'><strong>puer</strong></span> <span class='ocrx_word' id='word_1_353' title='bbox 580 3650 671 3697; x_wconf 88' lang='lat' dir='ltr'><strong>faceret</strong></span> <span class='ocrx_word' id='word_1_354' title='bbox 705 3650 783 3711; x_wconf 78' lang='lat' dir='ltr'><strong>tium,</strong></span> <span class='ocrx_word' id='word_1_355' title='bbox 799 3648 841 3697; x_wconf 84' lang='lat' dir='ltr'><strong>eed</strong></span> <span class='ocrx_word' id='word_1_356' title='bbox 856 3666 930 3699; x_wconf 77' lang='lat' dir='ltr'><strong>novus</strong></span> <span class='ocrx_word' id='word_1_357' title='bbox 943 3653 1060 3700; x_wconf 82' lang='lat' dir='ltr'><strong>nescitur:</strong></span> <span class='ocrx_word' id='word_1_358' title='bbox 1074 3662 1143 3699; x_wconf 83' lang='lat' dir='ltr'><strong>retue</strong></span> <span class='ocrx_word' id='word_1_359' title='bbox 1157 3651 1202 3700; x_wconf 91' lang='lat' dir='ltr'><strong>ille</strong></span> 
     </span>
     <span class='ocr_line' id='line_1_37' title="bbox 174 3731 1202 3802; baseline 0.002 -19"><span class='ocrx_word' id='word_1_360' title='bbox 174 3753 245 3802; x_wconf 81' lang='lat' dir='ltr'><strong>opere</strong></span> <span class='ocrx_word' id='word_1_361' title='bbox 275 3735 478 3784; x_wconf 81' lang='lat' dir='ltr'><strong>excellentissima.</strong></span> <span class='ocrx_word' id='word_1_362' title='bbox 504 3735 583 3799; x_wconf 84' lang='lat' dir='ltr'><strong>lpeum</strong></span> <span class='ocrx_word' id='word_1_363' title='bbox 606 3731 670 3781; x_wconf 83' lang='lat' dir='ltr'><strong>adic-</strong></span> <span class='ocrx_word' id='word_1_364' title='bbox 704 3744 810 3783; x_wconf 77' lang='lat' dir='ltr'><strong>mortuus</strong></span> <span class='ocrx_word' id='word_1_365' title='bbox 833 3745 876 3784; x_wconf 84' lang='lat' dir='ltr'><strong>est.</strong></span> <span class='ocrx_word' id='word_1_366' title='bbox 902 3737 1039 3799; x_wconf 77' lang='lat' dir='ltr'><strong>Bendeiue,</strong></span> <span class='ocrx_word' id='word_1_367' title='bbox 1059 3736 1145 3799; x_wconf 90' lang='lat' dir='ltr'><strong>credo,</strong></span> <span class='ocrx_word' id='word_1_368' title='bbox 1162 3754 1202 3786; x_wconf 86' lang='lat' dir='ltr'><strong>vo-</strong></span> 
     </span>
     <span class='ocr_line' id='line_1_38' title="bbox 175 3818 1200 3895; baseline 0 -24"><span class='ocrx_word' id='word_1_369' title='bbox 175 3819 410 3886; x_wconf 71' lang='lat' dir='ltr'><strong>ctirumer’r&#39;roproc,</strong></span> <span class='ocrx_word' id='word_1_370' title='bbox 428 3820 516 3868; x_wconf 75' lang='lat' dir='ltr'><strong>eivenit</strong></span> <span class='ocrx_word' id='word_1_371' title='bbox 526 3819 672 3879; x_wconf 72' lang='lat' dir='ltr'><strong>torreatuso</strong></span> <span class='ocrx_word' id='word_1_372' title='bbox 703 3818 752 3867; x_wconf 91' lang='lat' dir='ltr'><strong>luit</strong></span> <span class='ocrx_word' id='word_1_373' title='bbox 767 3835 864 3895; x_wconf 79' lang='lat' dir='ltr'><strong>nereum</strong></span> <span class='ocrx_word' id='word_1_374' title='bbox 886 3819 924 3868; x_wconf 83' lang='lat' dir='ltr'><strong>bie</strong></span> <span class='ocrx_word' id='word_1_375' title='bbox 943 3832 1024 3888; x_wconf 76' lang='lat' dir='ltr'><strong>terque</strong></span> <span class='ocrx_word' id='word_1_376' title='bbox 1042 3821 1200 3872; x_wconf 74' lang='lat' dir='ltr'><strong>emendatum.</strong></span> 
     </span>
     <span class='ocr_line' id='line_1_39' title="bbox 139 3905 1201 3969; baseline 0 -14"><span class='ocrx_word' id='word_1_377' title='bbox 139 3958 142 3963; x_wconf 75' lang='grc'>,</span> <span class='ocrx_word' id='word_1_378' title='bbox 174 3908 247 3969; x_wconf 75' lang='lat' dir='ltr'><strong>oilie,</strong></span> <span class='ocrx_word' id='word_1_379' title='bbox 272 3907 321 3955; x_wconf 84' lang='lat' dir='ltr'><strong>eive</strong></span> <span class='ocrx_word' id='word_1_380' title='bbox 343 3908 399 3954; x_wconf 83' lang='lat' dir='ltr'><strong>lene</strong></span> <span class='ocrx_word' id='word_1_381' title='bbox 418 3913 547 3967; x_wconf 77' lang='lat' dir='ltr'><strong>tornatur,</strong></span> <span class='ocrx_word' id='word_1_382' title='bbox 566 3911 630 3952; x_wconf 85' lang='lat' dir='ltr'><strong>terce</strong></span> <span class='ocrx_word' id='word_1_383' title='bbox 645 3911 671 3952; x_wconf 89' lang='lat' dir='ltr'><strong>et</strong></span> <span class='ocrx_word' id='word_1_384' title='bbox 702 3905 774 3968; x_wconf 89' lang='lat' dir='ltr'><strong>Turn,</strong></span> <span class='ocrx_word' id='word_1_385' title='bbox 790 3907 816 3953; x_wconf 92' lang='lat' dir='ltr'><strong>ni</strong></span> <span class='ocrx_word' id='word_1_386' title='bbox 832 3905 917 3968; x_wconf 83' lang='lat' dir='ltr'><strong>fallor,</strong></span> <span class='ocrx_word' id='word_1_387' title='bbox 933 3923 1014 3955; x_wconf 81' lang='lat' dir='ltr'><strong>versus</strong></span> <span class='ocrx_word' id='word_1_388' title='bbox 1028 3909 1073 3955; x_wconf 77' lang='lat' dir='ltr'><strong>iste</strong></span> <span class='ocrx_word' id='word_1_389' title='bbox 1087 3924 1134 3955; x_wconf 92' lang='lat' dir='ltr'><strong>non</strong></span> <span class='ocrx_word' id='word_1_390' title='bbox 1149 3915 1201 3969; x_wconf 83' lang='lat' dir='ltr'><strong>ter,</strong></span> 
     </span>
     <span class='ocr_line' id='line_1_40' title="bbox 173 3988 1202 4055; baseline 0 -17"><span class='ocrx_word' id='word_1_391' title='bbox 173 3992 306 4055; x_wconf 79' lang='lat' dir='ltr'><strong>retundere,</strong></span> <span class='ocrx_word' id='word_1_392' title='bbox 320 3989 563 4040; x_wconf 83' lang='lat' dir='ltr'><strong>diecrimenoetendit.</strong></span> <span class='ocrx_word' id='word_1_393' title='bbox 581 3990 669 4038; x_wconf 77' lang='lat' dir='ltr'><strong>Parm-</strong></span> <span class='ocrx_word' id='word_1_394' title='bbox 701 3988 743 4038; x_wconf 84' lang='lat' dir='ltr'><strong>sed</strong></span> <span class='ocrx_word' id='word_1_395' title='bbox 763 3997 865 4054; x_wconf 83' lang='lat' dir='ltr'><strong>quater,</strong></span> <span class='ocrx_word' id='word_1_396' title='bbox 887 4001 947 4039; x_wconf 82' lang='lat' dir='ltr'><strong>esset</strong></span> <span class='ocrx_word' id='word_1_397' title='bbox 962 4003 1041 4040; x_wconf 81' lang='lat' dir='ltr'><strong>natue.</strong></span> <span class='ocrx_word' id='word_1_398' title='bbox 1065 3993 1116 4041; x_wconf 82' lang='lat' dir='ltr'><strong>Piso</strong></span> <span class='ocrx_word' id='word_1_399' title='bbox 1140 4008 1202 4041; x_wconf 87' lang='lat' dir='ltr'><strong>com-</strong></span> 
     </span>
     <span class='ocr_line' id='line_1_41' title="bbox 175 4074 1200 4140; baseline -0.002 -16"><span class='ocrx_word' id='word_1_400' title='bbox 175 4075 210 4124; x_wconf 89' lang='lat' dir='ltr'><strong>tio</strong></span> <span class='ocrx_word' id='word_1_401' title='bbox 231 4084 267 4123; x_wconf 86' lang='lat' dir='ltr'><strong>eet</strong></span> <span class='ocrx_word' id='word_1_402' title='bbox 284 4078 309 4124; x_wconf 91' lang='lat' dir='ltr'><strong>in</strong></span> <span class='ocrx_word' id='word_1_403' title='bbox 331 4074 470 4137; x_wconf 74' lang='grc' dir='ltr'><strong><em>εὔξεστος,</em></strong></span> <span class='ocrx_word' id='word_1_404' title='bbox 491 4084 515 4123; x_wconf 92' lang='lat' dir='ltr'><strong>et</strong></span> <span class='ocrx_word' id='word_1_405' title='bbox 533 4076 623 4124; x_wconf 74' lang='lat' dir='ltr'><strong>Latinis</strong></span> <span class='ocrx_word' id='word_1_406' title='bbox 639 4076 670 4124; x_wconf 84' lang='lat' dir='ltr'><strong>le&#39;-</strong></span> <span class='ocrx_word' id='word_1_407' title='bbox 701 4075 781 4140; x_wconf 86' lang='lat' dir='ltr'><strong>posuit</strong></span> <span class='ocrx_word' id='word_1_408' title='bbox 796 4091 818 4123; x_wconf 86' lang='lat' dir='ltr'><strong>r.</strong></span> <span class='ocrx_word' id='word_1_409' title='bbox 834 4093 854 4123; x_wconf 91' lang='lat' dir='ltr'><strong>c.</strong></span> <span class='ocrx_word' id='word_1_410' title='bbox 869 4074 934 4124; x_wconf 85' lang='lat' dir='ltr'><strong>hunc</strong></span> <span class='ocrx_word' id='word_1_411' title='bbox 947 4093 1053 4125; x_wconf 78' lang='lat' dir='ltr'><strong>versum:</strong></span> <span class='ocrx_word' id='word_1_412' title='bbox 1072 4078 1147 4125; x_wconf 86' lang='lat' dir='ltr'><strong>Omne</strong></span> <span class='ocrx_word' id='word_1_413' title='bbox 1159 4091 1200 4122; x_wconf 79' lang='lat' dir='ltr'><strong>en-</strong></span> 
     </span>
    </p>
   </div>
   <div class='ocr_carea' id='block_1_4' title="bbox 0 0 1380 4844">
    <p class='ocr_par' dir='ltr' id='par_1_4' title="bbox 0 0 1380 4844">
     <span class='ocr_line' id='line_1_42' title="bbox 0 0 1380 4844; baseline 0 0"><span class='ocrx_word' id='word_1_414' title='bbox 0 0 1380 4844; x_wconf 95' lang='lat' dir='ltr'><strong> </strong></span> 
     </span>
    </p>
   </div>
  </div>
 </body>
</html>
