2752 4844
553 396 613 458 ΑΒ
644 400 880 473 Plautus„
1154 401 1213 466 180

198 599 295 671 Musa
318 598 409 670 dedit
432 597 558 670 fidibus
581 598 675 670 diros
699 623 891 695 puerosque
915 602 1074 694 deorum,
1106 670 1109 675 ,
1152 611 1221 681 83.

197 717 238 788 Et
253 719 404 814 pugilem
418 719 581 789 rictorem
591 716 633 788 'et
648 742 776 812 equum
792 723 972 792 certamine
983 724 1132 817 primum
1151 731 1208 792 84.

197 836 238 906 Et
261 838 422 907 iuvenum
439 859 545 906 curae
568 843 602 906 et
627 836 732 907 libera
758 839 832 908 vina
857 840 991 911 rehrre.
1151 851 1208 911 85.

118 965 122 1016 L
195 953 439 1025 Archilochum
463 955 601 1049 proprio
627 953 736 1024 rabies
762 960 902 1027 armavit
926 958 1048 1030 iambo.
1146 966 1238 1042 79„

195 1072 298 1143 Hunc
318 1075 408 1144 socci
428 1096 543 1167 cepere
560 1071 680 1168 pedem
700 1074 909 1170 grandesque
927 1076 1103 1168 cothurni,
1148 1087 1205 1170 80..
1273 1161 1275 1165 ,

195 1190 341 1263 Alternis
362 1199 482 1288 aptum
498 1185 738 1284 *sermonibum
764 1200 797 1263 et
821 1195 1003 1289 populares
1148 1204 1203 1265 tt.
1263 1280 1266 1285 y

195 1311 388 1383 Vincentem
409 1311 587 1406 strepitus,
612 1319 646 1380 et
670 1319 789 1381 natum
814 1311 916 1384 rebus
940 1313 1087 1408 agendis.
1146 1322 1201 1384 82.

673 1505 722 1576 ΙΙ.

178 1645 331 1740 Syllaba
352 1645 569 1739 longa-brevi
590 1644 740 1716 subiecta
765 1626 910 1716 vocatur
926 1646 1077 1740 iambus,
1121 1658 1203 1721 251.

192 1765 255 1834 Pes
272 1766 376 1834 citus:
400 1764 490 1834 unde
506 1766 606 1834 etiam
622 1765 781 1834 trimetris
798 1787 987 1836 accrescere
1005 1767 1102 1836 iussit
1121 1778 1201 1839 252.

190 1862 319 1955 Nomen
340 1881 493 1972 tambeis,
520 1907 598 1953 cum
618 1861 718 1952 ¹aenos
743 1882 896 1974 redderet
921 1885 1020 1954 ictuc
1119 1896 1201 1957 253.

178 2001 321 2072 -Primus
332 2001 375 2070 ad
388 2009 574 2072 extremum
587 1997 702 2079 similis
713 2000 799 2088 ⁴sihi3
817 2003 945 2089 nonita
957 2003 1105 2097 pridem,
1118 2014 1198 2075 254.

411 2268 431 2316 Ι,
710 2266 815 2316 derlinus
838 2286 860 2319 a.
881 2272 945 2319 1828
961 2271 1074 2337 Erlangae
1092 2269 1207 2320 Dacadem

707 2355 845 2403 Lectionum
857 2355 1036 2405 Horatianarum
1053 2359 1139 2406 emisit.
1164 2357 1207 2405 Pa-

178 2441 673 2505 Diciprceccrtr'mdecarmioeberoico.
706 2441 763 2504 gina
778 2444 808 2489 al
823 2440 852 2489 de
869 2441 920 2490 loco
936 2443 1062 2491 lloratiano
1076 2445 1111 2491 ita
1126 2441 1206 2508 diapu·
1239 2491 1243 2496 ,

105 2507 107 2512 ¹
176 2515 294 2575 'Metram
307 2526 587 2592 mcigmvitllmmme
602 2526 668 2572 Sunt
708 2534 757 2573 tat:
782 2525 892 2575 Horatius
909 2544 956 2575 non
972 2529 1051 2593 potuit
1064 2527 1142 2576 dicere
1158 2543 1207 2576 non

192 2613 408 2674 mmmmm,
420 2611 659 2674 eoumquodqaeme·
706 2611 747 2658 ita
758 2612 872 2674 pridem:
894 2615 1010 2662 cuniam
1028 2615 1079 2680 ipse
1100 2613 1207 2663 Archilo-

201 2705 267 2744 trum
287 2703 313 2745 et
328 2703 499 2762 argumentum
519 2697 648 2757 halantia,
706 2695 765 2743 chus
781 2695 886 2745 lambam
899 2698 1012 2763 Spondeia
1027 2701 1205 2765 temperaverit.

208 2780 640 2847 Elegiacum,Lyricum‚Iomdicam.
705 2781 753 2828 Nec
777 2780 806 2829 dc
821 2781 931 2830 Romania
951 2783 995 2831 hoc
1019 2794 1112 2832 tantum
1127 2785 1206 2850 accipi

222 2869 457 2931 [ambicomregmot
471 2866 501 2912 in
515 2866 624 2913 carmina
704 2876 791 2931 potest.
812 2867 867 2915 Ideo
884 2869 1023 2934 Deeringius
1038 2871 1202 2941 interpungit:
1287 2888 1289 2891 ·

344 2952 496 3000 Dramatico.
705 2953 801 3001 similis
820 2955 879 3003 siti.
903 2955 962 3002 Non
977 2958 1018 3002 ito
1036 2956 1143 3019 pridem.
1165 2957 1205 3005 ln-

365 3049 368 3052 ’
705 3053 754 3086 esse
771 3047 841 3104 putat
856 3041 893 3088 vir
909 3039 992 3089 doctus
1013 3042 1114 3090 lroniam
1127 3041 1202 3107 hanc:
1290 3038 1296 3046 ’

142 3152 144 3160 1
206 3127 244 3174 Et
263 3126 380 3185 iuvenum
395 3139 468 3171 curae
489 3130 515 3171 et
538 3122 616 3172 libero
634 3124 671 3171 oi·
704 3123 760 3187 Quis
781 3123 875 3172 demum
892 3128 984 3190 ignorat
1000 3126 1038 3174 vel
1058 3126 1202 3194 addubitat,
1278 3181 1282 3189 ,

143 3214 145 3219 ’
172 3228 206 3260 na
226 3211 326 3272 rrffcrrc.
343 3211 386 3258 Pro
407 3209 498 3264 referre
514 3209 542 3258 N.
560 3209 669 3257 Heinsius
702 3208 760 3274 quid
781 3211 813 3257 ait
833 3209 945 3260 Iambus?
967 3211 1065 3279 Syllaba
1088 3212 1202 3264 videlicet

171 3297 275 3347 malebat
290 3297 389 3358 referri.
405 3295 575 3344 Commentator
591 3296 669 3343 libero
700 3293 771 3359 longa
791 3293 860 3343 brevi
883 3295 1003 3370 subiecta,
1029 3316 1076 3366 quo
1098 3299 1201 3349 efficitur

170 3387 231 3432 vino
262 3383 367 3449 explicat
402 3383 516 3430 convivia
548 3381 667 3429 divorum,
701 3396 743 3444 pes
751 3381 820 3430 citus.
837 3381 865 3430 ld
873 3383 894 3430 si
902 3382 972 3442 hodie
983 3393 1007 3432 et
1016 3402 1095 3435 omnes
1103 3386 1201 3451 pueruli

168 3469 323 3520 Scribendrun
336 3478 395 3534 puto
409 3468 524 3516 convivio
537 3467 666 3516 ditiorum.
699 3466 777 3514 sciunt
794 3476 818 3515 et
835 3468 1011 3533 tragoediarum·
1021 3473 1146 3536 scriptores
1158 3470 1200 3519 ob-
1249 3507 1255 3513 .

433 3539 437 3544 ’
700 3561 807 3614 servant,
834 3563 913 3602 tamen
928 3555 986 3604 olim
1007 3555 1070 3622 apud
1093 3573 1135 3604 nos
1150 3573 1198 3606 non

402 3641 438 3688 Il.
699 3637 734 3685 ita
748 3638 804 3688 fuit.
819 3639 958 3705 Doeringius
971 3658 1027 3705 ergo
1040 3657 1088 3689 non
1096 3643 1137 3688 ita
1140 3644 1197 3706 pri·

696 3722 750 3770 dem
773 3725 944 3790 interpretatur
967 3742 1015 3773 uon
1038 3727 1078 3774 ita
1100 3728 1197 3790 pridem

186 3817 263 3863 natio
274 3816 350 3861 nentri
356 3813 461 3861 sotadici
473 3809 539 3875 opud
547 3810 650 3858 ormam
689 3809 759 3870 fuit.
777 3811 878 3859 Pridam
893 3827 936 3877 pro
953 3812 1026 3873 olim,
1043 3813 1082 3860 cui
1098 3815 1196 3878 opponi·

334 3908 360 3947 ct
376 3901 503 3947 Remum
698 3905 738 3943 tur
746 3911 824 3958 nunc,
833 3897 955 3944 confirmat
964 3913 993 3944 ax
1006 3898 1096 3945 Iustino
1104 3898 1194 3964 XXXI,

695 3982 720 4029 3.
737 3981 841 4029 Italiam
848 3982 968 4028 numerem
982 3982 1033 4029 sita·
1048 3998 1112 4032 nuno
1122 3999 1193 4049 quom

197 4073 311 4121 Numito
322 4069 428 4134 pridem.
451 4066 584 4119 Ludovicua
604 4066 662 4115 Doa-
693 4066 790 4128 pridem
797 4066 891 4126 scisse.
