2752 4844
508 372 567 432 ro
601 374 819 450 elsa-uus.
882 387 884 391 ·

179 575 214 643 Si
240 584 337 645 curat
362 597 421 644 cor
445 576 624 667 spectantis
650 577 796 669 tetigisse
816 578 963 670 querela.

145 799 211 864 girus
220 808 255 846 est
263 798 306 845 ille
317 800 359 863 qui
368 815 487 863 personam
497 800 556 863 agit,
566 809 639 848 actor.
675 801 818 864 tragoedia,
842 810 866 847 et
883 799 959 847 disere
977 801 1092 864 potuisset
1112 817 1134 848 v.
1153 817 1174 849 e.

144 885 242 932 Plautus
259 884 326 931 Persa
341 885 380 945 111,
405 898 435 946 11,
449 886 472 932 4.
499 885 548 932 Sed
562 887 640 932 satirr’
676 886 726 932 Est
743 894 768 932 et
776 886 819 931 uhi
826 886 907 932 doleat
915 901 1021 932 serroono
1039 887 1177 949 Tragoedia

144 972 208 1018 estis
221 966 359 1016 meditati?
375 969 415 1017 Sh.
436 968 541 1035 Tragici
557 979 583 1017 et
600 971 642 1017 (⁷0-
676 978 745 1018 noto:
760 970 801 1017 sed
814 971 932 1035 acquievit
950 972 975 1018 in
992 971 1105 1018 voeabula
1125 980 1175 1018 tra-

77 1043 80 1049 ’
143 1057 205 1102 miri
217 1056 637 1118 liheaqaarnaepuestratrueditati.
670 1057 743 1119 gisi,
770 1055 833 1120 quod
859 1066 883 1103 et
904 1057 984 1103 statim
1002 1068 1076 1103 metro
1093 1073 1176 1103 ranve-

144 1140 188 1187 Ubi
198 1143 300 1205 Tragici
307 1141 430 1187 manifeste
439 1151 494 1188 sunt
504 1142 627 1205 Trogosdi
632 1176 639 1200 ,
674 1122 768 1202 niebat,
788 1152 811 1188 et
828 1141 890 1189 idem
910 1141 1064 1206 exprimebat.
1091 1142 1175 1189 Verum

144 1224 207 1290 quod
221 1243 250 1274 ex
266 1228 382 1274 sententia
399 1237 511 1290 apparet,
529 1236 553 1273 et
568 1244 596 1274 ex
611 1228 641 1275 si·
674 1229 749 1290 igitur
767 1244 861 1274 censeo:
890 1229 1009 1290 Telephus
1029 1235 1053 1274 et
1072 1229 1176 1288 Peleos,

144 1311 197 1359 mili
220 1312 270 1359 loeo
289 1311 384 1360 Poenul.
403 1312 448 1371 111,
473 1325 504 1373 11,
521 1314 545 1360 4.
573 1313 640 1369 Quia
672 1329 725 1359 erem
739 1329 833 1376 pauper
850 1321 875 1360 ot
890 1316 975 1374 rastri,
999 1322 1100 1374 uterque
1117 1315 1176 1360 Pro-

143 1398 240 1461 aedopol
253 1399 390 1446 condoctior
407 1413 473 1459 sum,
491 1414 562 1460 quaro
579 1401 603 1445 T
600 1414 640 1444 ra·
673 1401 734 1445 iieit
742 1401 863 1462 ampullas
872 1407 897 1446 ot
905 1400 1084 1461 sesquipedalia
1094 1400 1174 1446 varia.

139 1484 213 1547 gredi
227 1491 272 1530 aut
289 1485 390 1530 Comici.
408 1482 452 1530 Ubi
465 1483 570 1547 appellat
588 1492 639 1530 tru-
672 1486 748 1549 Atque
762 1485 846 1538 meiius
861 1485 992 1548 distingues
1001 1487 1048 1543 ita,
1067 1495 1093 1532 ut
1109 1492 1177 1531 ater·

137 1569 240 1632 gordos,
258 1586 315 1633 quos
328 1571 353 1616 in
370 1570 437 1616 Persa
445 1569 576 1633 appellavit
586 1577 637 1616 tra·
670 1560 714 1632 que
719 1572 828 1632 proiicit
837 1573 1023 1634 coniungantur,
1036 1587 1106 1634 quam
1113 1587 1173 1632 parr-

137 1656 215 1718 gu'eos.
237 1656 308 1702 Poeta
327 1656 452 1701 autemsie
469 1672 545 1719 neque
562 1654 635 1702 medi·
664 1663 755 1718 peret
780 1659 852 1702 exsui
871 1664 980 1717 uterque.
1008 1657 1173 1719 Praeterquam

140 1749 219 1801 tatur,
234 1756 310 1804 neque
328 1739 440 1801 docetur,
456 1739 496 1787 sed
505 1740 579 1788 docet.
594 1740 638 1787 hc·
672 1742 734 1787 enim
758 1741 821 1804 quod
840 1748 948 1802 ,uterque
960 1743 1069 1804 proiicit
1088 1743 1175 1803 rectius

140 1834 203 1872 tores
219 1825 315 1885 diseunt
328 1835 420 1890 partes,
443 1842 500 1890 quas
519 1827 582 1873 tueri
602 1825 641 1873 de·
674 1843 723 1872 sese
738 1825 825 1887 hahet,
843 1843 913 1891 quam
924 1829 1042 1889 Telephus
1051 1834 1076 1873 at
1088 1829 1176 1874 Pelates

140 1908 206 1958 bent.
221 1909 285 1957 udde
300 1912 403 1958 Petronii
419 1911 495 1976 Satyr.
513 1929 564 1976 rap.
581 1914 635 1960 1:32.
666 1907 786 1975 proiioit,
802 1912 920 1961 adieetiva
935 1912 1007 1977 probe
1022 1912 1175 1960 discernenda

142 1993 228 2053 Quid?
243 2012 290 2043 aon
307 2005 332 2044 et
356 1998 444 2060 illyres
456 2013 509 2044 eum
522 1999 591 2045 eorda
607 2000 638 2045 a·-
671 1998 799 2058 videntur,
818 2009 842 2045 et
860 2015 955 2062 pauper
970 1998 1121 2046 referendum
1138 2009 1174 2046 est

140 2079 285 2146 tigatsuo?
294 2084 331 2130 Et
342 2084 439 2145 quidam
448 2085 553 2147 Tragici
562 2085 639 2130 aetolos
672 2082 702 2130 ad
721 2086 864 2146 Telephum,
880 2087 951 2132 essai
966 2084 995 2131 ad
1011 2087 1090 2131 Pelea.
1108 2085 1175 2132 Tele·

139 2184 196 2215 suos
213 2176 334 2231 tamqnam
348 2168 482 2215 raadieatos
497 2170 633 2231 castigant.
668 2167 729 2232 phus
738 2171 762 2215 in
771 2170 915 2232 Fragmentis
924 2168 1019 2216 iabuiae
1034 2169 1173 2234 Euripideue

139 2251 639 2315 UbisrribendumputoetqaidumTragi-
671 2269 740 2316 saepe
762 2269 856 2316 purrper·
878 2254 1029 2317 appellatur,
1043 2271 1172 2318 nunquam

139 2340 165 2384 ei
174 2374 180 2399 ,
190 2337 234 2385 hoc
247 2347 294 2398 est,
304 2353 415 2401 personae
427 2335 541 2401 quaedam
550 2339 574 2383 in
583 2337 636 2384 Tru·
670 2340 747 2386 ermol.
764 2338 886 2402 Euripides
899 2339 1029 2404 Telephum
1046 2341 1105 2386 ferit
1119 2344 1173 2405 ,τή-

139 2422 637 2488 goedia,siveactores.iiespexit,nisal-
670 2439 720 2488 ραν
750 2422 849 2487 ἔχοντα
882 2426 926 2470 καὶ
954 2428 1196 2488 ‚arrrooarroin'ern¹

137 2509 439 2574 lor,PetroniusOedipum
448 2509 534 2574 Regem
543 2507 632 2572 Sopho·
664 2518 724 2556 teste
739 2509 816 2557 Sahal.
832 2511 1023 2575 Aristothuh.
1037 2513 1092 2560 eut.
1118 2513 1169 2576 ipse

138 2597 193 2658 elis,
210 2614 243 2645 vs.
260 2598 330 2645 teto.
345 2594 455 2644 ἔπαισεν
469 2593 561 2660 ἄρθρα
579 2595 633 2642 τῶν
666 2595 800 2659 Telephus,
813 2606 841 2643 ut
851 2614 879 2644 ex
890 2597 984 2662 parodia
998 2598 1167 2662 Aristophanea

139 2681 226 2730 αὑτοῦ
254 2681 355 2731 κυκλῶν
381 2681 486 2730 Audire
515 2678 632 2728 τοιαῦθ’.
668 2691 775 2742 constat,
801 2681 860 2728 dirit
886 2683 939 2729 Ari
955 2686 1006 2748 γάρ
1031 2703 1064 2742 με
1093 2684 1172 2738 δόξαι

139 2767 186 2817 ὅθ’
205 2766 290 2817 οὕνεκ’
311 2768 358 2816 οὐκ
372 2765 479 2824 ὅψοινῐό
494 2785 547 2822 νιν,
565 2764 637 2814 Oie’
672 2768 781 2829 πτωχὸν
804 2758 873 2814 eiecto
903 2772 1024 2832 τήμερον.
1062 2769 1172 2834 Idemque

139 2845 173 2900 οῖ’
184 2852 311 2916 ἔπασχεν,
323 2850 386 2900 οὐθ’
399 2850 471 2900 ὁποῖ’
481 2850 550 2915 idpa
561 2854 636 2899 κακὰ.
671 2852 839 2916 Aristophanes
853 2852 960 2901 habitum
975 2865 998 2901 et
1013 2855 1124 2902 vestitum
1131 2857 1173 2902 Te-

138 2936 218 2987 Ἀλλ’
238 2939 265 2985 lr
282 2939 366 3001 σκότῳ
378 2939 409 2985 τὸ
428 2936 520 2984 λοιπὸν
535 2936 580 2992 οὓς
592 2933 640 2994 μὲν
674 2936 740 3001 lephi
755 2939 877 3000 meridiei,
896 2950 922 2985 ut
939 2938 968 2986 ab
978 2941 1049 2987 Ennio
1061 2951 1172 3003 voratur,

139 3024 187 3074 οὐκ
206 3023 264 3073 ideo
287 3021 423 3080 'Ouoiar’,
445 3022 489 3079 οὓς
508 3020 534 3069 d'
554 3021 635 3087 ἔχρη·
668 3040 715 3070 non
729 3024 800 3070 semel
811 3024 881 3072 ridet.
893 3024 1015 3088 Euripides
1025 3027 1095 3073 etiam
1108 3029 1172 3074 cloto

137 3114 186 3174 iseo
200 3110 231 3158 οὐ
250 3111 401 3172 γνωσοιάτο.
417 3110 460 3156 Fac
469 3110 597 3156 orationem
607 3125 636 3155 ex
670 3109 792 3156 dicantem
805 3110 908 3158 induxit.
924 3114 1000 3175 Atque
1014 3112 1059 3159 ista
1072 3112 1171 3177 Telephi

136 3196 233 3261 obliqua
250 3196 377 3256 directam,
394 3194 460 3261 quali
476 3193 576 3259 Oedipus
597 3211 636 3242 ex·
669 3206 796 3258 paupertas
819 3196 867 3242 irre
884 3197 909 3243 in
928 3196 1076 3261 proverbium
1098 3197 1166 3247 abiit.

137 3275 173 3331 tra
194 3299 286 3330 srenam
305 3297 360 3328 usus
377 3291 423 3341 est,
441 3279 540 3327 habebis
556 3282 636 3344 trogi·
668 3279 750 3326 Fertur
772 3280 834 3327 enim
859 3281 920 3328 iilud
939 3283 1058 3331 Timorlis:
1086 3283 1099 3330 ὁ
1118 3281 1166 3342 μὲν

135 3385 190 3416 eam
211 3369 290 3416 oeulos
311 3385 357 3415 non
379 3365 502 3414 audientes
517 3367 632 3430 eastigan·
666 3368 716 3430 γὰρ
732 3364 766 3412 ὢν
786 3365 1057 3433 πίνηςΙῙτιιιχὸιερσν
1077 3369 1164 3417 αὑτοῦ

136 3464 192 3502 tem.
218 3455 268 3501 Duo
290 3455 365 3518 igitur
380 3452 423 3499 illa
440 3451 542 3499 Bentleii
563 3468 632 3515 argu·
667 3453 835 3509 καταμαθὼν
859 3455 906 3500 τὸν
932 3453 1055 3517 Τήλιφον
1078 3454 1104 3501 Γ
1105 3455 1166 3502 erri-

136 3550 214 3588 menta
232 3550 294 3588 stare
317 3556 364 3586 non
385 3547 488 3602 possunt.
514 3536 579 3599 Quod
603 3536 633 3584 ad
665 3555 761 3595 terror,
783 3537 838 3602 ἤδη
860 3543 908 3602 τὴν
924 3542 1019 3588 :cerisio
1039 3539 1102 3605 ῥᾴων
1117 3540 1165 3596 φέ-

136 3626 305 3689 oppositionem
321 3627 420 3685 attinet,
447 3640 473 3670 ea
489 3624 514 3670 iu
531 3623 634 3687 vulgatis
667 3640 715 3688 (rer.
741 3624 877 3672 Weirierus
898 3626 922 3672 in
944 3624 1004 3672 libro
1022 3625 1050 3672 de
1072 3626 1165 3673 Graecis

136 3708 258 3776 pulchrior
274 3720 309 3757 est
322 3727 349 3757 ar
363 3708 497 3757 rotundior:
512 3708 633 3756 Comoedia
664 3709 838 3774 Tragoediis,in
847 3711 926 3758 Museo
935 3710 1045 3757 Rhenano
1054 3727 1075 3757 a.
1094 3713 1163 3759 lete.

136 3795 202 3843 tollit
218 3795 465 3860 vocem—Tragirus
481 3793 546 3841 dolet
563 3793 633 3858 pede·
664 3794 689 3841 T.
703 3795 731 3843 11,
753 3813 806 3859 pag.
824 3797 879 3843 492.
900 3782 1029 3860 disputavit
1047 3796 1117 3842 etiam
1133 3794 1163 3844 de

135 3882 179 3930 stri
196 3897 315 3942 sermone,
332 3865 464 3942 comoedia,
481 3897 552 3944 quum
563 3879 632 3926 Chre·
664 3879 767 3945 Telepho
792 3879 933 3944 Euripidem
958 3890 982 3927 et
996 3897 1024 3927 ex
1043 3880 1102 3927 libro
1124 3883 1163 3930 Ja-

135 3984 184 4016 mes
198 3975 233 4013 est
249 3966 337 4024 iratus,
354 3966 469 4029 trugirus,
488 3982 539 4012 eum
549 3965 631 4012 Peleus
664 3964 716 4013 sobi
729 3964 841 4012 Geeliirie
859 3965 1084 4030 eodemarguruento
1094 3985 1161 4032 prae-

136 4063 171 4102 est
188 4050 264 4100 exsul.
281 4051 324 4098 Pro
338 4052 451 4116 tragicas
464 4049 541 4099 dicere
557 4049 633 4098 voluit
664 4053 735 4115 aipua
766 4052 895 4114 excerpsit,
928 4067 1017 4117 suaque
1047 4053 1162 4102 nonnulla
