2752 4844
227 376 292 438 218
495 377 706 440 nonulli
738 377 979 441 arlsrotu

235 576 284 647 Tc
301 580 411 672 capiet
428 580 546 671 magis,
565 585 599 648 et
616 579 797 672 quaedam,
815 580 842 649 si
861 580 995 674 longius
1012 581 1134 653 adstes.
1154 584 1238 653 362.

234 694 325 765 Haec
337 704 427 765 amat
439 694 640 787 obscurum,
658 696 747 767 volet
759 697 841 768 haec
854 698 919 769 sub
931 700 1008 770 luce
1019 699 1140 790 videri,
1154 706 1237 770 363.

232 812 355 884 Iudicis
376 823 533 908 argutum
554 839 640 908 quac
663 840 732 886 non
756 815 913 888 formidat
933 842 1093 890 acumen:
1154 826 1236 888 364.

233 930 325 1004 llaec
339 932 468 1027 placuit
479 933 597 1025 semel,
614 933 697 1006 haec
707 934 816 1005 decies
828 938 968 1031 repetita
980 935 1137 1033 placebit.
1153 942 1238 1007 366.
1312 924 1318 937 ’

704 1130 767 1201 vl.

235 1284 265 1355 Ο
285 1287 390 1355 maior
410 1288 586 1377 iuvenum,
612 1287 764 1381 quamvis
785 1298 819 1358 et
840 1311 920 1358 voce
942 1297 1080 1381 paterna
1154 1299 1237 1361 366.

231 1403 377 1496 Fingeris
388 1402 430 1473 ad
443 1412 583 1494 rectum,
596 1414 630 1475 et
641 1429 702 1499 per
710 1415 743 1476 te
755 1408 855 1501 sapis,
864 1405 929 1475 hoc
940 1405 1002 1475 tibi
1014 1406 1143 1476 dictum
1154 1415 1237 1478 367.

231 1522 328 1592 Tolle
342 1545 485 1609 memor3
510 1525 607 1593 certis
622 1523 771 1593 medium
787 1533 821 1594 et
836 1523 1010 1594 tolerabile
1026 1523 1128 1594 rebus
1153 1535 1237 1598 368.

229 1639 334 1726 Recte
357 1641 511 1711 concedi:
535 1641 718 1712 Consultus
740 1644 822 1712 iuris
847 1652 881 1712 ct
904 1651 997 1712 actor
1153 1653 1238 1718 363.

230 1757 433 1829 Caussarum
457 1758 632 1830 mediocris
657 1759 751 1831 abest
771 1762 895 1830 virtute
918 1760 1032 1831 diserti
1155 1765 1240 1832 376.

228 1868 408 1969 Messalae,
431 1903 493 1949 nec
514 1880 576 1949 scit
600 1887 766 1972 quantum
786 1879 968 1950 Cascellius
987 1877 1118 1970 Aulus,
1154 1887 1242 1950 371.

227 1997 297 2067 sed
312 1999 470 2068 tamenin
484 1999 592 2091 pretio
608 2005 673 2067 est:
696 1997 922 2067 mediocribus
943 2019 1013 2069 esse
1028 2001 1135 2092 poetis
1153 2002 1241 2070 372.

232 2112 307 2186 Non
318 2114 486 2207 homines,
502 2139 570 2186 non
581 2115 642 2206 Di,
659 2139 728 2186 non
744 2139 936 2187 concessere
951 2116 1136 2188 columnae.
1153 2120 1240 2188 373.

459 2340 485 2388 l.
749 2341 862 2402 γοῦνται
892 2340 940 2388 καί
973 2341 1175 2408 σογγρώοοοονν.
1209 2343 1253 2392 lli·

750 2441 817 2473 versa
832 2426 893 2472 ratio
911 2427 1090 2490 comparationis
1106 2435 1204 2492 apparet
1217 2444 1250 2478 ex

241 2512 344 2560 Carmen
353 2511 460 2573 undiquc
469 2517 496 2556 et
507 2512 579 2556 intus
594 2512 703 2572 spectari
750 2507 849 2557 adiectis
866 2508 895 2558 ab
908 2510 1005 2558 Horatio
1021 2520 1046 2559 et
1062 2510 1179 2560 Simonide
1194 2527 1250 2560 ver·

371 2609 402 2641 uo
418 2594 567 2654 reformidat.
671 2608 677 2620 ·
751 2592 795 2642 bis.

974 2682 1015 2730 vl.

255 2767 289 2816 Ut
299 2769 420 2832 pictura,
432 2768 525 2830 poesis.
550 2764 615 2829 Quod
631 2764 718 2814 accidit

220 2856 247 2904 in
267 2852 463 2918 contemplatione
485 2849 619 2899 ulularum
638 2852 716 2915 picta·
780 2852 846 2898 Nam
861 2852 992 2899 mediocris
1003 2861 1078 2916 poete
1093 2861 1133 2902 art
1144 2867 1216 2920 nego-

219 2955 287 3001 riana,
304 2937 367 2987 idem
380 2936 485 2986 accidere
498 2935 559 2984 solet
571 2937 597 2983 in
613 2945 716 2984 contem·
879 2939 943 2984 tium
953 2940 1117 2988 intonabile.

217 3025 325 3090 ⁴plutione
349 3024 487 3071 carminum.
516 3022 578 3069 Haec
605 3022 717 3069 nimirum

219 3111 339 3171 cominus,
356 3108 399 3156 illa
418 3109 508 3155 eminus
520 3115 631 3171 spectata
642 3108 716 3171 magis
781 3107 832 3154 IIoc
846 3106 896 3154 tior·
908 3109 1001 3156 dionem
1018 3112 1085 3158 Tolle
1099 3126 1196 3160 memor.
1211 3113 1249 3161 ci-

218 3194 325 3261 placen't.
347 3193 449 3240 Ulterius
463 3193 605 3256 comparatio
618 3208 665 3239 uon
682 3200 717 3238 est
750 3207 803 3240 cero
819 3190 848 3238 de
867 3192 960 3240 Oratore
982 3194 1091 3256 ll,118.
1113 3196 1179 3253 Quor
1193 3200 1250 3260 qui·

216 3277 367 3346 proferenda.
390 3277 425 3325 Ab
449 3273 575 3326 Horatiana
593 3292 715 3342 compara·
747 3278 800 3324 dem
816 3278 878 3325 locos
892 3277 968 3342 (vobis
987 3281 1040 3342 ίιοο,
1056 3281 1130 3329 Cotta
1147 3288 1174 3328 ot
1190 3283 1250 3331 Sul·

170 3415 175 3425 ,
219 3368 284 3414 tione
306 3363 398 3412 diversa
423 3373 458 3411 est
476 3361 620 3424 Simoniden,
646 3379 716 3427 quam
742 3364 814 3427 pici,
832 3363 895 3426 dico)
910 3371 1016 3428 puratos
1030 3373 1104 3429 atqua
1119 3367 1250 3430 οσρονίίοοο

218 3452 357 3502 memoravit
377 3447 517 3496 Plutarchus
535 3449 621 3495 Utrum
638 3450 718 3498 Atlio·
749 3449 835 3495 holm
848 3449 949 3497 dehetis.

218 3540 318 3586 scensas
334 3544 394 3583 caet.
416 3534 441 3582 T.
461 3533 496 3595 ΙΙ,
513 3550 537 3598 p.
555 3535 610 3581 tal.
636 3531 717 3597 Πίὴν
781 3534 974 3582 Rectcconccdi.
993 3535 1206 3584 emundantem
1222 3545 1251 3585 σο

221 3621 235 3671 ὁ
250 3619 417 3684 Σιμωνίδης,
438 3622 488 3683 τὴν
502 3615 550 3678 μὲν
562 3620 716 3684 ζωγραφίαν
748 3625 825 3667 octor.
843 3620 871 3665 ln
887 3617 940 3667 Cod.
957 3619 1030 3669 vlam.
1050 3622 1124 3669 Recte
1138 3622 1248 3671 emendi.

219 3711 326 3773 ποίησον
349 3705 486 3755 σιωπῶσαν
510 3704 716 3770 προσαγορεύει,
749 3704 786 3752 At
800 3705 927 3751 οοοιονιίίαο
940 3706 1008 3754 imis
1021 3713 1046 3753 ct
1060 3714 1138 3756 octor.

220 3799 272 3860 τὴν
298 3790 329 3842 δὲ
351 3794 469 3856 ποίησιν,
493 3791 647 3855 ζωγραφίαν
670 3789 719 3836 λα·
783 3790 833 3838 Sed
848 3790 1250 3854 tamuiuprerroesr.cot.v11·

221 3881 330 3931 λοῦσαν.
348 3879 380 3936 ἃς
394 3881 446 3944 γὰρ
460 3876 485 3926 οἱ
501 3878 635 3942 ζωγράφοι
647 3877 718 3940 προί-
751 3877 825 3940 ming.
842 3876 874 3923 In
885 3877 971 3937 pretio
988 3883 1070 3924 tamen
1082 3885 1128 3926 est.

222 3956 274 4023 ξας
309 3963 342 4022 ὥς
377 3964 520 4026 γενομένας
550 3961 717 4018 δεικνύουσι,
783 3961 840 4008 Nou
856 3961 977 4024 homines,
1002 3977 1050 4009 οοα
1061 3961 1111 4025 Bt,
1135 3977 1251 4012 νιονιοοοι-

223 4051 326 4107 ταύτας
341 4049 365 4098 οἱ
380 4049 452 4113 λόγον
470 4046 719 4111 γεγενημέναςίνη-
753 4047 982 4095 casscrccolumuaa.
999 4046 1252 4113 MSS.quaedtnNon
