2752 4844
176 415 217 479 22
435 411 923 480 uoutr11u1³18roas

205 617 340 691 Iudiciis
364 624 551 689 monstrare
577 615 767 689 recentibus
790 616 905 689 abdita
926 637 1061 705 rerum;

175 852 232 902 ceps
255 835 390 903 apographa
415 844 568 903 propagetur.
600 837 668 886 BEN·
698 834 780 896 dacta3
802 834 844 885 sed
859 844 888 884 ut
903 837 950 884 iam
965 836 1046 886 statim
1062 837 1087 885 in
1102 837 1191 903 prinei·

176 925 281 975 turtur.
327 973 331 989 ,
699 926 757 993 pio,
774 933 799 972 et
815 921 914 987 deinde,
930 926 951 972 si
965 942 1003 974 res
1019 926 1095 989 ferat,
1112 923 1190 989 Heus,

207 1014 271 1078 Quae
285 1013 406 1063 Bentleias
418 1013 539 1079 disputans
555 1016 580 1063 in
593 1031 667 1064 unam
700 1029 761 1079 quae
784 1011 888 1061 nondum
912 1010 960 1060 dici
989 1010 1124 1077 dehebant,
1149 1021 1191 1076 et,

175 1101 312 1164 coniunxit,
334 1100 393 1149 haec
415 1115 458 1164 ego
475 1099 604 1165 separanda
622 1117 673 1150 esse
703 1117 764 1167 quae
788 1100 836 1150 dici
860 1097 995 1163 debebant,
1025 1117 1053 1148 ea
1076 1102 1101 1149 in
1126 1097 1194 1148 alind

175 1190 270 1255 putavi,
288 1204 334 1253 quo
347 1187 443 1236 facilius
460 1187 520 1237 haee
537 1198 617 1238 nostra
633 1189 669 1239 di-
701 1199 794 1257 tempus
807 1189 910 1240 differas.
924 1187 1037 1253 Virgilius
1049 1190 1132 1237 sumsit
1145 1204 1194 1236 ma·

173 1277 278 1343 sputatio
294 1274 452 1340 intelligatur.
701 1279 784 1325 teriem
801 1277 912 1327 Aeneida.
931 1276 1031 1341 Incipit:
1052 1276 1112 1323 Urbs
1126 1275 1194 1322 anti·

210 1362 243 1408 Ut
257 1362 309 1407 iaus
325 1377 388 1409 nuuc
404 1361 473 1408 dicat
485 1363 537 1409 iam
552 1377 617 1410 uuus
629 1362 669 1410 de·
700 1379 747 1427 qua
754 1364 828 1427 sus't,
848 1364 922 1428 Tyrii
938 1371 1036 1410 trusere
1051 1361 1136 1408 solani.
1153 1359 1194 1406 lli·

177 1444 260 1492 deuta‘a
279 1446 339 1494 disi.
380 1446 491 1495 Horatius
512 1445 621 1514 loquitur
642 1447 672 1497 de
705 1451 739 1497 cit
752 1447 883 1497 adeonuno
896 1446 999 1497 nondum
1012 1443 1123 1503 dicenda;
1139 1462 1194 1494 nam

151 1535 158 1544 '
178 1532 280 1581 Ordine.
327 1535 373 1597 Qui
397 1533 426 1582 de
450 1533 534 1583 Ordine
558 1534 671 1586 Carminis
704 1534 781 1585 dicere
791 1536 905 1586 debuerat
914 1536 1025 1584 de‘l'roia.
1039 1533 1193 1594 FuitTros'a,

177 1621 292 1685 exponit,
317 1622 337 1669 is
359 1621 433 1686 primo
458 1632 551 1688 spectat
575 1627 671 1674 initium
703 1626 742 1674 s'di
762 1626 891 1673 habitabat
907 1625 1011 1674 Aeneas.
1038 1621 1091 1669 llox
1113 1615 1194 1665 eadem

177 1708 260 1758 totius.
294 1707 392 1759 initium
421 1709 462 1760 hie
486 1715 594 1779 inprimis
618 1733 671 1782 spe·
704 1715 799 1765 turbato
820 1715 900 1764 ordine
921 1714 1012 1780 pergit:
1040 1710 1087 1756 Via
1108 1722 1120 1754 a
1140 1722 1196 1754 sau·

175 1802 268 1857 statur,
285 1812 300 1843 a
315 1812 361 1860 quo
377 1796 403 1844 ln
420 1800 484 1847 omni
499 1816 525 1848 re
543 1802 673 1867 suscipien-
704 1811 789 1867 spectu
815 1804 915 1852 Siculae
942 1799 1042 1848 telluris
1066 1797 1097 1844 iu
1116 1797 1195 1842 oltuus

177 1877 222 1941 ds,
239 1896 316 1944 neque
333 1883 411 1930 minus
426 1885 451 1931 in
468 1887 538 1950 Hpico
555 1891 671 1952 carmine,
708 1891 764 1939 Vela
779 1892 870 1938 dabam
885 1890 956 1937 laeti.
973 1886 1055 1933 Dicere
1069 1881 1196 1931 debuerat:

175 1963 312 2015 tammulta
322 1965 435 2028 pendent.
452 1969 563 2034 Spectare
574 1972 614 2020 hic
624 1975 671 2022 ini·
706 1975 753 2022 Via
775 1990 789 2022 s
811 1981 940 2038 amrspastu
970 1974 1058 2022 Troiae
1083 1977 1197 2019 vastatas

176 2051 237 2099 tium
263 2051 375 2100 Carminis
398 2054 482 2120 Hpici,
510 2056 595 2107 lectori
616 2077 669 2108 mso
701 2063 755 2109 vala
775 2061 874 2109 dabant.
896 2061 924 2108 Et
939 2069 1031 2106 veteres
1046 2057 1197 2105 Grammatici

176 2137 262 2200 etiam,
281 2139 308 2185 ni
324 2138 410 2202 fallor,
430 2144 563 2193 verosimile
579 2145 672 2196 videbi·
703 2146 765 2196 harre
782 2146 870 2196 ordinis
885 2149 1001 2195 rationem
1018 2144 1132 2209 exemplis
1147 2143 1198 2192 Vir·

176 2231 229 2285 tur,
247 2222 341 2289 quanda
357 2226 382 2274 in
400 2222 475 2275 altera
492 2226 564 2277 huius
580 2231 671 2296 Episto·
703 2231 800 2298 gilianis
820 2232 1008 2280 illustraverunt.
1030 2231 1118 2278 deren:
1144 2229 1198 2276 »Ut

176 2307 213 2363 lae
232 2309 335 2360 editione
352 2327 432 2362 sersus
455 2315 502 2363 136
518 2332 553 2381 sq.
575 2315 623 2364 huc
638 2298 675 2365 re·
706 2318 818 2382 Virgilius
840 2319 865 2366 in
886 2334 947 2366 nono
965 2327 1062 2380 narrat,
1087 2319 1112 2365 in
1128 2316 1198 2365 ltalia

176 2406 287 2460 traxero,
304 2400 338 2446 ita
354 2410 383 2447 ut
400 2398 445 2446 hoo
461 2399 529 2448 modo
544 2403 671 2467 coniunga—
703 2404 750 2451 iam
759 2405 935 2467 positotenea,
945 2400 1198 2465 quomodosabricatae

175 2491 228 2530 tur:
259 2484 364 2532 Ordinis
385 2486 443 2533 lause
464 2487 548 2534 virtus
571 2490 623 2534 erit
644 2495 671 2535 at
702 2498 759 2536 sunt
775 2505 859 2552 naves,
872 2487 959 2561 quihps
976 2487 1005 2535 de
1019 2486 1063 2534 llio
1078 2489 1198 2553 navigavit

175 2583 265 2633 vanus,
282 2578 329 2618 aut
340 2586 384 2636 ago
389 2571 484 2634 fallar,
501 2571 533 2618 Ut
546 2572 598 2618 iam
608 2587 672 2621 uuus
703 2572 805 2635 deneas,
827 2588 880 2621 cum
902 2572 927 2619 in
949 2573 1021 2618 tertio
1041 2588 1088 2619 non
1106 2571 1198 2621 dicat.”

174 2654 257 2717 dicat,
274 2657 326 2702 s'asrs
338 2672 402 2704 uuna
418 2656 531 2704 debentia
546 2657 600 2704 dici
615 2658 672 2705 Ple-
702 2659 886 2707 Commentator:
905 2658 958 2705 »Ut
971 2656 1083 2722 Virgilius
1096 2659 1198 2723 primum

175 2754 251 2804 saque
262 2740 384 2804 ¹differat,
401 2749 427 2790 et
435 2754 555 2807 praesens
568 2747 597 2792 iu
614 2753 673 2793 tam·
705 2745 832 2809 describit,
854 2745 960 2811 qualiter
975 2744 1065 2793 deneas
1081 2743 1111 2792 ad
1128 2742 1200 2792 Dido·

174 2842 226 2893 pus
243 2829 354 2878 arrss'ttat.
381 2829 434 2877 Nea
449 2832 488 2879 sic
501 2831 621 2895 impias,
642 2840 673 2880 ut
704 2849 759 2880 nem
775 2835 854 2895 venit,
872 2842 896 2880 et
910 2833 1079 2897 praetermittit
1095 2847 1148 2880 suos
1161 2846 1199 2879 ca·

179 2917 287 2979 scriptor
304 2917 404 2980 (poliam
419 2916 478 2964 als'm
490 2932 525 2981 sq.
548 2916 614 2980 Quod
629 2917 675 2966 Ho-
706 2935 745 2968 sus
762 2929 786 2967 st
803 2917 921 2968 excidium
936 2918 1030 2981 Troiae,
1043 2916 1107 2983 quod
1117 2927 1199 2983 postea

177 3005 255 3053 ratius
267 3002 307 3051 hie
321 3005 451 3069 generatim
465 3003 524 3052 dicit
535 3003 564 3052 de
577 3003 673 3068 ordine,
706 3015 785 3054 tamen
800 3007 858 3055 satis
874 3005 1005 3056 declarat.’'
1036 3006 1115 3066 Haec,
1137 3017 1199 3068 quae

179 3105 234 3138 mox
257 3091 380 3155 speciatim
403 3091 511 3157 exempla
532 3091 627 3140 Homeri
644 3092 674 3140 il·
707 3091 840 3158 disputavi,
862 3094 883 3141 si
905 3109 961 3141 vera
985 3100 1054 3152 sunt,
1078 3089 1127 3153 legi
1142 3088 1198 3137 'non

179 3173 281 3237 instrat,
305 3177 348 3241 qui
368 3174 459 3224 bellum
480 3176 604 3225 Troianum
630 3177 677 3227 aion
709 3179 907 3243 potest:uts'am
917 3195 981 3227 uana
994 3177 1124 3226 alisatiam
1133 3191 1198 3224 uuus

179 3260 210 3310 alr
229 3278 272 3310 ovo
289 3264 382 3327 gemino
398 3263 504 3327 orditur,
521 3263 563 3312 sed
578 3263 673 3317 audito-
703 3262 818 3310 debentia
830 3263 891 3311 dici.
905 3263 1031 3325 Homerus,
1048 3275 1148 3324 eumque
1162 3276 1199 3308 se·

181 3364 232 3399 rem
255 3351 281 3398 in
303 3367 340 3398 res
361 3350 466 3414 medias,
490 3368 538 3400 nan
559 3368 627 3400 secus
648 3367 675 3399 ao
706 3359 777 3397 cutus
805 3350 934 3415 Virgilius,
967 3351 1009 3415 qui
1040 3350 1066 3398 in
1094 3346 1199 3397 deneids

181 3419 266 3501 notas,
288 3436 363 3486 ducit.
398 3438 475 3501 itque
496 3437 619 3485 Horatium
640 3437 676 3484 iu·
708 3435 842 3503 exemplum
855 3437 950 3484 Homeri
965 3437 1060 3498 sanxit,
1079 3433 1143 3482 hune
1159 3450 1201 3482 or-

183 3527 266 3590 primis
293 3535 399 3590 spectare
431 3526 527 3573 initium
552 3526 675 3588 carminis,
708 3523 787 3572 dinem
800 3541 847 3572 uon
861 3532 1001 3572 tenuerunt:
1016 3521 1200 3584 imodixerunt,

184 3612 256 3660 etiam
269 3610 325 3660 hinc
341 3622 453 3676 apparet,
470 3612 675 3679 quadrantariam
707 3612 812 3663 uarsdm
829 3613 881 3660 disi
896 3611 1023 3659 debentia:
1038 3609 1157 3676 iidemque
1174 3612 1200 3659 in

184 3699 314 3763 praemisit.
333 3699 430 3745 Sumite
442 3701 570 3747 aratoriam
583 3699 676 3746 vestris
705 3697 763 3751 ¹aliis
775 3698 884 3745 materiei
895 3695 1003 3762 partibus
1015 3714 1084 3764 saepe
1100 3696 1201 3746 eundem

184 3785 282 3833 virimar
296 3800 404 3848 aequam.
423 3784 468 3833 Ubi
481 3785 553 3834 talem
569 3785 678 3834 sumseri-
710 3800 798 3837 morem
822 3793 958 3833 tenuerunt.
986 3784 1013 3832 Si
1033 3785 1142 3834 Horatius
1165 3785 1201 3834 ita

185 3871 231 3932 cis,
247 3869 302 3917 ordo
319 3886 359 3918 vos
374 3886 421 3920 non
438 3869 538 3919 deseret.
555 3869 615 3918 Ordo
632 3871 678 3919 crit
709 3871 855 3935 scripsisset,
873 3868 975 3919 dedisset
990 3881 1142 3938 praeceptum
1155 3870 1201 3919 Ho-

184 3971 233 4004 non
248 3955 386 4020 historicus,
403 3968 432 4007 nt
448 3959 561 4025 temporis
575 3959 677 4006 notatio·
708 3975 773 4006 mero
794 3967 819 4007 et
831 3958 929 4024 Virgilio
945 3961 1094 4008 casuarium.
1119 3957 1200 4023 Neque

186 4057 242 4091 nem
265 4053 373 4093 accurate
398 4043 540 4102 abstractim
563 4045 597 4092 sie
617 4044 679 4091 enim
711 4042 893 4108 Bentleianum,
913 4051 944 4093 ut
963 4047 1014 4094 iam
1032 4061 1095 4093 nune
1115 4044 1200 4106 dieat,

186 4143 281 4179 tarmen
301 4130 345 4179 fiet
363 4129 464 4181 historia
483 4132 509 4180 in
524 4140 626 4179 metrum
641 4145 678 4179 rs·
709 4129 813 4178 eandm
828 4131 942 4180 dabasrtr'a
956 4133 1009 4181 dici
1021 4133 1140 4195 Pleraque
1151 4129 1201 4191 daf-
