2752 4844
189 409 229 469 66
456 411 671 471 flottam
701 410 945 470 EPISTOLA

216 610 368 682 Perfidus
391 613 503 702 Ixion,
529 613 566 685 lo
589 635 690 706 vaga,
715 611 820 681 tristis
843 611 988 685 Orestes.

182 834 269 900 Quodsi
283 837 393 886 Horatius
408 834 538 901 licthlipsin
552 851 680 884 nonanes-
714 852 784 893 men3
812 836 853 886 sed
876 839 1019 886 seutentiam
1042 853 1090 885 nou
1114 837 1214 901 accipio.

181 930 233 984 set,
253 923 332 970 iacere
348 923 479 988 potuisset,
503 919 566 987 qued
586 920 685 986 plurimi
716 920 821 970 Achilles
843 924 988 972 Homericus
1007 933 1043 972 est
1060 922 1130 985 talis,
1157 939 1216 988 qua·

181 1007 683 1072 secere,seribeus:Scn'ptor,Meeorriom
713 1006 761 1054 lem
776 1008 889 1056 Homerus
905 1011 1030 1057 memoriae
1047 1007 1161 1074 prodidit.
1178 1007 1217 1056 Sic

179 1095 206 1140 εἰ
212 1092 285 1153 forte
299 1096 398 1158 reponis
411 1094 547 1142 Achillem:
563 1102 591 1140 ut
605 1093 684 1140 Petro·
716 1093 838 1142 Bentleius
851 1097 901 1160 ipse
909 1096 1089 1160 interpretatur.
1099 1092 1145 1142 Sed
1152 1093 1217 1143 idem

179 1180 234 1227 uina
254 1179 332 1246 Satyr.
350 1196 402 1244 cap.
416 1180 442 1228 5.
463 1179 506 1226 det
519 1179 615 1242 primos
630 1193 683 1225 aar·
716 1178 797 1243 paullo
815 1190 871 1228 ante
886 1191 951 1228 recte
967 1180 1064 1244 docuit,
1085 1197 1132 1229 non
1149 1197 1216 1246 posse

178 1265 248 1313 sibus
268 1281 345 1313 annos
361 1265 548 1328 Maeoniumque
564 1265 632 1312 hibat
639 1263 682 1324 se-
713 1263 755 1312 hie
767 1263 883 1313 Achillem
896 1264 1003 1331 epitheto
1014 1267 1138 1331 insigniri,
1152 1265 1217 1332 quod

178 1351 225 1399 esci
243 1358 344 1415 pectore
360 1351 467 1411 fontem.
500 1348 640 1415 Exemplum
664 1366 679 1397 a
711 1350 834 1415 ingenium
859 1353 910 1399 eius
932 1361 956 1400 et
977 1351 1081 1399 indolem
1099 1362 1214 1402 monstrat

176 1435 285 1484 Heutlmo
307 1453 338 1485 ex
357 1435 489 1485 catalectis.
502 1437 606 1500 Priapeis
625 1434 677 1483 lau·
694 1445 735 1483 ‘et
759 1435 853 1484 format.
887 1438 915 1485 ln
936 1453 983 1503 qua
1007 1439 1215 1502 argumentatione

177 1520 276 1584 datum,
302 1523 342 1573 rix
363 1521 441 1570 locum
461 1520 566 1586 exempli
587 1530 679 1569 tuetur.
712 1521 749 1568 vir
771 1537 868 1586 maguus
889 1521 1002 1573 sibinen
1020 1524 1136 1570 constitit.
1156 1523 1215 1571 Nam

176 1607 366 1672 Namseriptura
383 1617 419 1656 est
434 1605 534 1656 inllSS.
552 1605 677 1655 admodum
709 1607 731 1654 si
751 1605 856 1655 Achilles
880 1609 1025 1657 Horaericos
1047 1618 1097 1671 est,
1119 1608 1215 1673 qualem

175 1692 256 1743 dubia.
274 1694 302 1742 In
318 1694 401 1758 primis
417 1690 562 1741 editionibus
580 1690 677 1758 legeba-
708 1692 822 1740 llomerus
846 1696 970 1744 memoriae
993 1693 1112 1759 prodidit,
1131 1692 1212 1742 Achil-

175 1789 216 1829 tur
232 1780 362 1828 Constitui
375 1794 496 1841 meracas,
510 1777 573 1826 unde
584 1776 673 1838 Aldus,
706 1777 741 1826 les
756 1779 893 1827 Homericus
909 1788 945 1828 cst
965 1781 1090 1846 impiger,
1111 1781 1213 1828 iracun-

176 1866 305 1927 Conser'ta‘,
329 1865 500 1926 ‘ilorrteroeas,
528 1873 552 1910 et
572 1862 678 1927 Scaliger
710 1863 756 1910 daec
778 1871 805 1911 et
825 1879 890 1912 acer.
912 1865 1034 1915 Bentleius
1050 1868 1127 1931 igitur
1141 1866 1215 1916 Hora·

176 1950 484 2011 acaemitensium:
499 1949 525 1995 iu
539 1947 601 1995 MSS.
616 1956 681 2010 erat,
715 1949 776 1995 tium
792 1948 852 1996 lecit
870 1949 970 1998 absurde
988 1949 1118 2000 dicentem:
1140 1953 1162 2000 si
1176 1967 1215 2000 re·

179 2035 267 2083 Choria
287 2049 410 2095 meracas,
437 2033 680 2095 Chm‘ismeraclws,
713 2034 781 2097 penis
803 2031 921 2082 Achillem
940 2035 1104 2099 Homericum,
1124 2052 1213 2102 repone

175 2122 268 2168 (herm
283 2120 425 2183 metretae,
449 2119 539 2183 Carpsi
550 2133 676 2180 meracas,
710 2118 872 2181 Homericum,
897 2119 937 2168 rel
958 2121 979 2169 si
998 2123 1093 2186 reponis
1113 2122 1214 2170 iracun-

177 2207 250 2255 Cocs's
268 2221 392 2269 meracas,
416 2206 545 2254 Constitui
568 2212 675 2254 aeratas.
709 2205 780 2268 dem,
804 2222 892 2271 repone
908 2207 1063 2258 iracundum.
1094 2208 1213 2273 Sequere,

174 2292 231 2343 tide
240 2293 367 2342 Burmann.
377 2292 407 2341 ad
415 2290 510 2340 Anthol.
525 2292 576 2339 Lat.
587 2291 613 2339 T.
622 2291 641 2340 l.
651 2309 676 2356 p.
710 2292 790 2356 iuquit
796 2292 913 2354 semcm5
930 2295 994 2359 finge
1008 2293 1141 2358 Achillem,
1154 2310 1213 2361 qus·
1257 2354 1260 2362 ι

174 2379 232 2428 636.
249 2380 393 2443 Quamquam
406 2377 482 2441 igitur
497 2375 630 2424 verosimile
647 2377 679 2423 sit
711 2375 759 2424 lem
776 2393 830 2424 cum
844 2378 917 2427 luisse
930 2379 1007 2440 sama,
1024 2397 1054 2429 ex
1070 2379 1214 2430 carminibus

174 2466 202 2514 iu
222 2465 268 2513 isto
291 2465 463 2528 Epigrammata
482 2468 603 2507 auctorem
621 2460 678 2508 scri·
710 2461 897 2525 antiquissimis,
930 2466 1071 2529 accepimus.
1103 2463 1149 2513 Ubi
1182 2465 1213 2516 de

174 2550 247 2616 peiere
263 2549 395 2596 lleawrcas
410 2544 449 2593 rel
462 2545 624 2592 umnam
639 2559 682 2592 oo-
712 2542 806 2593 Achille
829 2548 926 2612 agitur,
956 2550 1037 2599 statim
1061 2549 1158 2616 quidem
1182 2551 1213 2602 de

175 2643 230 2696 tus,
246 2649 293 2682 uon
305 2635 341 2682 ita
355 2640 446 2681 certum
459 2639 508 2692 est,
523 2637 552 2678 ut
564 2644 627 2678 usus
639 2645 680 2678 vo·
712 2646 826 2695 praecone
842 2631 943 2687 Achillis
954 2634 1054 2684 Homero
1067 2639 1212 2702 cogitamus,

175 2719 256 2769 rabuli
271 2718 348 2768 adhuc
364 2734 411 2765 non
431 2716 493 2765 alibi
512 2715 606 2764 inventi
622 2713 679 2764 inde
711 2714 753 2765 sed
768 2733 854 2766 nomen
868 2719 964 2770 Homeri
978 2738 1026 2770 nou
1045 2721 1117 2772 debet
1134 2726 1213 2790 expri-

175 2806 297 2874 probetur.
320 2805 411 2853 Gertius
429 2802 551 2869 aliquanto
564 2810 600 2850 est
617 2800 677 2850 alte·
708 2802 749 2852 mi.
774 2803 830 2868 Quis
851 2804 974 2855 l’isouibus
993 2806 1039 2856 hoe
1059 2821 1211 2877 praeceptum

175 2910 229 2945 rum
253 2891 388 2958 exemplum
403 2898 487 2955 poetae
503 2887 591 2952 ignoti,
611 2887 679 2936 cuius
711 2885 767 2937 dare
790 2889 905 2940 auderet:
932 2893 953 2941 ei
976 2892 1094 2944 Achillem
1117 2896 1212 2961 reponis

176 2981 321 3044 epigramma
333 2975 396 3025 idem
406 2976 532 3022 Burmann·
546 2973 571 3020 in
579 2970 676 3022 Anthol.
708 2974 870 3036 Homericum
888 2978 1002 3029 llomerus
1015 2997 1070 3030 eum
1087 2981 1146 3030 fecit
1159 2983 1212 3030 iru-

174 3041 237 3114 εἰ.
257 3080 312 3129 pag.
327 3064 384 3111 aar.
407 3058 496 3108 enarr:
526 3058 587 3105 raa
604 3059 679 3122 syra-
710 3060 920 3128 moeonia
936 3067 1038 3116 amne
1049 3067 1146 3116 nomae
1161 3069 1211 3117 eut-

173 3151 240 3199 oosr‘o
262 3150 307 3212 que·
326 3148 434 3208 helcio,
451 3143 602 3207 Hesiodoqrce
620 3145 676 3192 Ma·
707 3160 779 3211 quam
786 3147 986 3212 sommarium
998 3152 1210 3214 colenti,suissent

174 3237 228 3298 ior,
246 3236 378 3282 Honores
391 3246 441 3279 noer
455 3230 536 3278 miror
551 3245 591 3279 ore
601 3230 675 3293 fluit.
708 3232 836 3297 incognita.
858 3233 933 3298 Quid,
958 3236 1020 3302 quod
1037 3237 1111 3286 rerba
1130 3239 1158 3285 εί
1172 3253 1211 3286 re·

175 3322 212 3369 lta
227 3318 353 3386 legebatur
365 3320 390 3365 in
406 3314 675 3380 cadurcinumque
703 3319 780 3382 ponis
799 3318 921 3369 Achillem
940 3322 1084 3370 IIornsreaem
1106 3321 1152 3371 hoe
1168 3340 1210 3390 po-

173 3408 197 3456 si
209 3422 292 3455 manus
304 3406 336 3452 sit
346 3411 445 3469 poetae,
458 3403 535 3450 miuus
544 3400 605 3450 bene
618 3403 675 3450 scri-
707 3404 756 3452 tius
780 3405 930 3470 significant:
960 3408 982 3456 si
1004 3417 1057 3472 post
1081 3409 1208 3460 Homerum

175 3493 224 3558 pse
248 3493 396 3552 Hectoreae,
422 3489 479 3555 quia
502 3497 538 3537 est
560 3487 675 3536 Graecum
706 3490 771 3537 cauis
785 3489 915 3554 Achillem,
932 3491 1081 3541 siAchillem
1094 3494 1154 3544 iacis
1171 3513 1209 3546 ar-

175 3573 322 3646 Ὀμῆρεεος
340 3592 388 3624 non
408 3570 562 3645 Ὁμήρωος.
591 3574 679 3622 Ilonre·
710 3585 849 3640 gmneutum
864 3577 973 3624 carminis
989 3575 1093 3641 heroici,
1107 3583 1208 3632 utfecit

174 3681 249 3714 mnes
267 3663 327 3712 mihi
342 3657 414 3711 etiam
430 3662 505 3726 magis
519 3660 625 3708 alienum
640 3661 675 3708 ri·
706 3660 827 3710 Homerus.
848 3662 887 3710 Sic
899 3661 970 3710 Varro
981 3662 1107 3727 Atacinus,
1121 3677 1150 3716 ut
1162 3666 1207 3716 hoc

175 3750 259 3814 datu„
274 3749 497 3817 quamHomeriaes,
510 3743 676 3811 ‹protenden-
707 3755 778 3808 utar,
812 3747 918 3812 reposuit
952 3747 1057 3796 Iasonem
1087 3752 1208 3817 Apollonii

176 3835 274 3902 dorpins
289 3837 314 3885 iu
330 3835 437 3884 Suetonii
452 3832 542 3880 Nerone
564 3846 617 3896 cap.
629 3832 661 3880 et
668 3866 675 3892 ,
707 3831 802 3882 Rhodii.
826 3833 948 3881 Enimvero
971 3833 1082 3884 Horatius
1102 3855 1149 3886 non
1171 3839 1207 3887 lo·

176 3937 207 3969 er
219 3921 281 3970 HSS.
295 3919 370 3969 edidit
378 3918 579 3985 protloarerr'ces.
592 3916 676 3979 Quam·
708 3918 790 3982 quitur
807 3916 836 3966 de
852 3917 956 3968 Gurmme
972 3921 1057 3986 Epiro,
1073 3922 1115 3972 sed
1127 3924 1207 3990 Tragi-

171 4020 249 4072 -qtam
261 4008 336 4071 igitur
348 4006 482 4052 Homereas
493 4019 541 4050 nort
556 4000 617 4049 adeo
627 4017 677 4048 ear·
709 4017 750 4064 cu,
766 4001 830 4067 quod
845 4019 898 4052 cum
912 4021 941 4053 ex
951 4003 1006 4052 loeo
1019 4008 1140 4069 universo,
1154 4018 1205 4056 tum

170 4100 227 4141 tam
241 4089 330 4139 lrabeat
344 4091 522 4149 auctoritatem,
535 4087 627 4151 accipio
639 4095 675 4134 tu·
707 4103 736 4134 ει
757 4089 862 4152 personis
882 4087 991 4152 Medeae,
1013 4091 1082 4153 inus,
1102 4092 1204 4155 Ixionis,
