2752 4844
212 404 250 464 54
476 393 686 475 floruisti
717 406 959 465 EPISTOLA

238 604 308 675 Aut
327 602 515 676 dormitabo
541 617 600 677 aut
620 605 747 676 ridebo.
784 606 903 676 Tristia
927 616 1089 678 moestum

196 830 254 878 tur.
274 828 370 877 Plautus
383 827 485 876 Poenulo
498 827 529 889 V,
545 842 576 892 11,
594 830 649 878 149.
669 829 701 876 to
734 827 820 876 elucet.
838 827 898 875 Hinc
911 837 936 875 et
967 827 1019 878 ulta
1035 827 1226 877 huiusmodiver·

205 915 296 977 adflat,
318 929 363 978 quo
381 914 447 963 titud
457 923 533 978 gesta
540 914 701 976 scciotfoci-
733 913 777 976 ba,
794 914 827 961 ad
841 923 865 960 et
881 844 1064 963 commentia
1081 916 1226 980 praefixum,

206 1001 265 1049 lius.
282 1001 310 1047 Et
321 999 389 1048 Persa
404 1001 430 1063 1,
444 1013 484 1062 111,
500 1003 539 1049 72.
563 1000 600 1047 Et
612 1008 643 1048 ot
658 999 700 1046 od·
732 1000 902 1061 inveniuntur,
920 1008 944 1047 et
957 1002 1071 1064 posterior
1087 1001 1228 1066 scriptorum

203 1087 263 1149 flet,
272 1101 326 1133 com
334 1092 491 1134 commearet.
506 1085 544 1132 Sic
557 1085 698 1150 odgrmcre,
732 1094 796 1132 actas
809 1101 900 1149 semper
913 1101 972 1133 nova
982 1084 1081 1134 addidit.
1099 1085 1175 1152 itque
1184 1085 1229 1132 hoo

206 1172 352 1236 adstrepere,
368 1179 507 1219 ottremcre.
524 1169 613 1218 Statius
625 1168 698 1217 Theb.
732 1171 766 1218 ita
789 1186 871 1218 verum
895 1179 944 1233 est,
963 1180 1004 1233 ut,
1027 1173 1047 1218 si
1071 1182 1161 1220 veteres
1183 1187 1229 1219 non

204 1256 252 1319 XI,
268 1259 325 1306 247.
348 1257 422 1304 Fient
441 1256 531 1303 moesti
546 1263 613 1303 retro
630 1257 702 1302 σωσί-
734 1253 873 1304 hahuissent
899 1257 1005 1319 adflare,
1039 1273 1098 1321 ego,
1124 1258 1230 1322 maturis

207 1351 258 1404 tes,
277 1349 303 1389 et
321 1347 422 1404 uterque
442 1342 556 1405 gementi
574 1341 700 1406 Adgenit.
735 1339 895 1402 Necrlandus,
920 1343 945 1389 iu
970 1342 1013 1390 tali
1036 1359 1116 1390 caussa
1140 1344 1229 1407 fingere

208 1438 233 1477 et
249 1427 295 1489 111,
312 1427 368 1476 406.
390 1428 432 1474 coi
438 1428 505 1487 secto
520 1417 701 1490 monosproce-
733 1443 803 1474 ausus
817 1427 927 1488 fuissem,
944 1444 1016 1492 eoque
1031 1430 1108 1475 minus
1124 1426 1230 1474 dubitas·

205 1527 307 1576 resque,
329 1527 439 1576 socerque
452 1512 590 1560 Attremere
610 1513 700 1559 oranti.
735 1521 800 1574 tem,
817 1527 863 1576 quo
888 1511 957 1576 plura
972 1512 1071 1560 Romani
1086 1512 1173 1560 similia
1189 1511 1230 1558 ha-

206 1598 300 1647 ovidius
308 1600 401 1647 Metam.
412 1598 513 1660 lumea.
525 1598 703 1660 Comrisi‚or-
735 1595 801 1646 bent.
831 1596 952 1645 Bentleins
975 1598 1089 1646 nonnulla
1110 1596 1229 1660 ostendit,

206 1685 275 1733 rides
279 1706 289 1746 ‚·
299 1685 414 1733 lacrimas
422 1699 511 1747 quoque
524 1699 595 1748 coepe
603 1684 699 1746 sotori,
734 1681 820 1748 quibus
832 1699 905 1730 unum
918 1682 978 1731 addo
990 1686 1129 1747 applorare,
1147 1695 1231 1747 προσ-

207 1772 249 1820 Me
266 1773 425 1833 lacrimante,
444 1777 507 1818 toas.
524 1769 612 1818 Seneca
625 1769 653 1816 de
666 1770 702 1816 Ira
736 1768 926 1834 ολοφὺρεσθαι.
969 1770 1059 1834 Lingua
1079 1769 1231 1831 Graecorum,

206 1857 243 1920 ll,
261 1861 284 1905 2.
301 1858 361 1905 Iode
374 1864 425 1918 est,
440 1856 503 1917 qood
515 1855 653 1902 (irridemus
665 1855 702 1900 ri·
734 1864 762 1901 ut
777 1864 811 1901 est
825 1854 978 1917 componendi
991 1855 1140 1916 felicissima,
1158 1854 1233 1902 abun-

206 1943 334 2003 dantibus,
359 1948 385 1987 et
407 1941 545 1986 contristat
565 1954 608 1984 nos
630 1939 702 1985 turim
734 1936 774 1984 dat
789 1938 910 2002 exemplis.
926 1939 1031 2004 Euripid.
1046 1940 1231 1989 Phoenissam.

205 2027 382 2087 moerentium,
413 2032 438 2071 et
466 2025 646 2085 effervescimus
669 2023 703 2069 od
733 2020 791 2068 Καὶ
818 2025 901 2071 τοῦτο
928 2021 1030 2089 irrepis
1039 2026 1057 2081 ,⁷
1075 2030 1232 2082 συνασοφεῖν

207 2113 291 2159 olieso
304 2113 448 2158 certamino.
465 2107 624 2156 BENTLEIVS.
736 2114 792 2164 τοῖς
809 2111 846 2172 μὴ
870 2114 965 2167 σοφοῖς.
1000 2109 1166 2159 Vaikenaerius
1188 2110 1232 2159 hoc
1319 2131 1323 2139 ·

227 2197 265 2248 ¹ln
281 2196 326 2244 MS.
344 2195 466 2244 Brenckm.
481 2194 565 2256 offint:
582 2191 645 2258 (suod
658 2194 703 2241 cti·
736 2191 844 2256 damnat,
859 2195 915 2259 quia
928 2211 1060 2260 repugnare
1069 2195 1231 2244 videturina-

205 2300 243 2332 am
259 2282 289 2331 ad
304 2279 508 2346 odflcotaccedit.
529 2270 700 2344 iit'rcpetiso·
733 2279 824 2344 legiae,
848 2279 933 2327 saltem
958 2283 1012 2329 usui
1027 2281 1114 2329 Graece
1136 2282 1233 2346 loquen-

204 2370 239 2417 let
257 2371 283 2416 in
299 2366 434 2416 huiusmodi
450 2365 552 2414 formula
570 2365 633 2412 idam
652 2381 704 2411 ver·
737 2367 804 2411 tium.
822 2364 924 2411 Difficile
939 2375 974 2411 est
990 2365 1096 2414 iudicatu
1110 2365 1139 2413 de
1151 2366 1234 2414 =inalo·

204 2454 269 2502 bum.
284 2445 461 2501 OridiusTrist.
478 2451 559 2512 I,111,
577 2453 616 2498 17.
641 2451 705 2496 licor
736 2450 776 2513 gia
801 2458 825 2495 et
841 2464 902 2509 usu,
927 2451 983 2512 qnia
1006 2466 1078 2514 parva
1094 2453 1233 2515 scriptorum

204 2555 290 2587 orions
299 2541 404 2602 flentem
413 2538 482 2599 flens
497 2537 580 2582 acrius
595 2536 653 2598 ipso
670 2541 705 2581 te·
737 2533 876 2580 Graecorum
889 2549 943 2596 pars
959 2532 988 2580 ad
1004 2537 1174 2599 nospervenit;
1193 2535 1235 2584 sed

205 2625 285 2672 nebat.
302 2625 331 2672 Et
343 2600 415 2671 cliiii:
431 2621 468 2668 Et
470 2621 558 2682 flesti,
572 2627 598 2667 et
608 2626 705 2666 nostros
736 2619 756 2665 si
786 2632 883 2681 usquam
912 2616 959 2665 sibi
982 2617 1074 2683 aliquid
1094 2622 1233 2685 permittere

207 2709 300 2757 vidisti
306 2709 399 2772 flentis
414 2689 514 2754 ocellos-s
529 2706 616 2752 ductor
632 2704 703 2751 Pane·
736 2702 820 2764 licuit,
846 2712 896 2750 tum
921 2702 995 2765 licet,
1019 2704 1111 2769 quaudo
1128 2706 1232 2768 Natura,

209 2796 286 2862 gyriei
301 2793 331 2841 ad
347 2794 440 2840 Pisones
455 2793 495 2840 47.
529 2792 624 2839 Fictsi
636 2792 702 2853 flere
733 2805 780 2836 non
798 2786 856 2851 Ars,
874 2777 988 2854 loquitur.
1010 2789 1152 2840 Scholiastes
1168 2794 1233 2841 Euri-

209 2883 292 2942 t'sbes‚
306 2879 399 2944 gaudet
409 2877 517 2943 gaudere
532 2883 637 2925 coactos.
655 2876 704 2939 Quo
737 2873 821 2940 pidcus
836 2873 929 2922 reddit:
947 2880 1164 2943 συνανοηναίνιιν
1177 2884 1234 2935 τοῖς

210 2964 317 3030 exemplo
340 2965 493 3012 Horatiauum
516 2963 592 3025 odflet
615 2962 703 3008 firmari
735 2961 864 3026 ἀνοήτοις.
883 2960 949 3024 Quod
964 2963 985 3009 si
997 2963 1047 3028 ipse
1064 2966 1164 3028 fecerit,
1181 2964 1234 3030 pul-

210 3048 443 3116 putabatBurmarm.
452 3047 482 3096 ad
490 3045 585 3095 Anthol.
593 3047 619 3093 T.
629 3046 665 3108 ΙΙ,
680 3062 704 3110 p.
738 3045 853 3094 cherrime
872 3048 939 3095 fecit.
964 3049 1184 3116 Wassenberghius,
1207 3060 1235 3097 ut

210 3136 267 3182 oo1.
284 3133 363 3198 Ipsum
379 3132 476 3181 verbum
492 3133 582 3196 adflere
597 3148 641 3179 usu
657 3133 704 3179 iam
737 3131 833 3194 audivi,
855 3133 881 3180 iu
896 3134 1007 3203 Euripide
1029 3135 1147 3184 scribebat
1172 3149 1234 3185 συν-

210 3229 333 3284 receptum
352 3229 409 3266 erat.
425 3220 547 3266 Invenitur
563 3234 656 3282 quoque
680 3219 705 3265 in
738 3223 873 3285 α’σρονεῖν.
907 3217 1033 3268 Conveniat
1055 3220 1117 3268 illud
1137 3220 1235 3268 verbum

211 3303 291 3371 lapide
305 3303 368 3368 apud
383 3303 516 3351 Gruterum.
541 3300 587 3350 Sed
601 3304 671 3350 etiam
687 3303 708 3350 si
740 3302 824 3350 melius
839 3318 891 3350 oum
906 3303 1019 3369 Analogia
1033 3315 1124 3367 ctusu,
1138 3307 1235 3354 vissen-

212 3391 308 3441 uullum
329 3391 457 3437 exstitisset
473 3404 571 3453 usquam
591 3386 658 3435 verbi
674 3389 708 3435 ita
741 3388 830 3435 tentiae
847 3389 970 3437 minuitur.
993 3388 1131 3455 Euripides,
1149 3390 1235 3452 credo,

212 3475 335 3541 compositi
348 3473 498 3538 exemplum,
523 3472 563 3520 hic
587 3481 637 3520 erat
657 3471 710 3536 pul·
743 3481 793 3519 tum
806 3473 946 3537 scripsisset:
964 3475 1010 3521 καὶ
1024 3476 1107 3523 τοῦτο
1122 3474 1234 3540 λυπρὸν,

214 3562 330 3610 cherrima
350 3556 455 3624 fingendi
473 3559 569 3605 occasio.
592 3557 645 3622 Ipsa
665 3557 710 3605 Na·
742 3564 914 3622 σσναφρονεῖν
938 3565 995 3614 τοῖς
1017 3557 1134 3624 ἄφροσιν.
1168 3561 1236 3626 Hugo

214 3658 268 3698 tura
285 3654 405 3695 monstrat.
427 3644 504 3691 Ridet
520 3642 620 3708 aliquis,
642 3643 708 3690 orri-
740 3641 833 3690 Grotius
856 3659 947 3690 versum
968 3644 1119 3708 Euripideum
1135 3647 1168 3694 sie
1184 3646 1237 3695 red-

214 3734 270 3793 dem·
285 3734 353 3793 Flet,
370 3730 454 3793 udflco.
467 3729 561 3776 Hoccst
574 3727 668 3776 brevius
683 3737 707 3775 et
740 3725 790 3775 dit:
817 3728 925 3791 Difficile
949 3729 1100 3792 omdesspcrc
1116 3732 1237 3796 desipien-

215 3819 310 3866 facilius
326 3833 396 3882 quam
406 3817 457 3879 flet
469 3815 575 3878 aliquis,
596 3830 650 3860 com
666 3814 711 3861 illo
744 3814 818 3861 titus.
836 3811 970 3860 inauditum
987 3813 1064 3862 adhuc
1080 3826 1114 3864 est
1137 3817 1237 3866 vocabu-

209 3903 273 3965 fleo:
289 3914 314 3951 et
329 3919 420 3951 sensum
438 3899 609 3948 misericordiae
625 3898 710 3946 melius
742 3898 791 3946 lum
812 3898 972 3962 coodess'pcrc.
995 3901 1060 3948 Fecit
1073 3919 1170 3968 magnus
1185 3908 1234 3964 vir,

217 3988 341 4051 exprimit,
359 3989 401 4053 qui
421 3988 445 4035 in
463 3987 513 4051 ipso
531 3984 639 4046 viuculo,
663 4000 710 4048 qno
742 3984 823 4032 [atine
840 3984 874 4031 ita
898 3985 985 4045 sciens,
1010 3996 1038 4033 ut
1063 4005 1130 4036 nemo
1155 3992 1233 4053 magis.

216 4070 313 4120 verbum
338 4082 362 4119 et
383 4073 524 4137 praepositio
540 4072 620 4118 iuncta
641 4079 709 4130 sunt,
743 4068 804 4117 Curi
836 4069 894 4132 Quia
919 4087 985 4118 omne
1010 4071 1083 4135 illud,
1109 4072 1171 4138 quod
1193 4091 1235 4137 ego
