2752 4844
199 386 239 446 86
462 388 675 448 uoutrll
706 385 951 447 EPISTULA

229 608 363 678 Gaudet
387 609 482 700 equis
499 606 707 700 canibusque
724 616 759 677 et
782 609 886 702 aprici
899 608 1047 700 gramine
1059 611 1189 702 campi,

229 726 354 796 Cereus
378 729 414 795 in
438 719 557 796 vitium
578 725 688 815 flecti,
714 726 937 796 monitoribus
962 749 1082 820 asper,

227 844 369 915 Utilium
389 844 506 915 tardus
529 848 699 938 provisor,
724 843 887 938 prodigus
911 846 1012 935 aeris,

228 961 389 1033 Sublimis
412 963 640 1058 cupidusque,
661 972 695 1033 et
716 971 824 1032 amata
845 963 1035 1056 relinquere
1049 965 1178 1058 pernix.

230 1081 404 1152 Conversis
429 1083 563 1172 studiis,
591 1091 679 1151 aetas
704 1082 902 1174 animusque
927 1082 1031 1152 virilis

227 1201 367 1290 Quaerit
388 1225 469 1296 opes
494 1210 528 1270 et
552 1201 730 1289 amicitias,
755 1202 892 1270 inservit
912 1201 1053 1286 honori,

229 1318 441 1392 Commisisse
465 1328 578 1408 cavet,
605 1318 698 1412 quod
721 1343 799 1390 mox
825 1331 956 1389 mutare
980 1319 1122 1389 laboret.

229 1436 339 1506 Multa
363 1461 474 1510 senem
487 1439 756 1508 circumveniunt
771 1438 1001 1524 incommoda,
1015 1438 1083 1526 vel,
1100 1438 1193 1530 quod

229 1556 382 1647 Quaerit,
408 1566 443 1626 et
466 1557 608 1626 inventis
632 1557 731 1625 miser
757 1555 901 1626 ebstmet
925 1581 963 1627 ac
985 1558 1082 1626 timet
1101 1557 1172 1641 uti,

227 1675 305 1764 Vel,
332 1675 425 1768 quod
442 1697 494 1745 res
518 1698 632 1744 omnes
653 1673 789 1765 timide,
815 1674 989 1768 gelideque
1008 1676 1193 1760 ministret,

229 1794 379 1884 Dilator,
405 1817 463 1889 spe
484 1794 626 1886 longus,
651 1795 760 1880 iners,
786 1793 971 1886 avidusque
992 1793 1121 1880 luturi3

199 2032 253 2064 eum
264 2016 308 2078 ll,
318 2018 379 2078 399,
394 2018 494 2080 colligis
506 2018 586 2077 irum,
600 2014 627 2062 hi
640 2024 696 2063 sunt
728 2012 839 2062 reddisse
855 2017 1028 2078 meminerunt,
1043 2026 1094 2065 tum
1109 2016 1139 2064 ob
1157 2019 1227 2065 timi-

195 2111 318 2149 venatores
326 2101 460 2167 phrasium,
475 2104 593 2168 quicoeco
601 2102 694 2166 impetu
726 2101 841 2149 dilatem.
864 2100 929 2149 ldem
946 2105 1076 2151 senectutis
1094 2105 1179 2151 vitium
1202 2113 1227 2151 et

148 2233 151 2238 .
195 2188 332 2236 cuniculum
353 2205 396 2254 pro
412 2188 494 2253 lepore
511 2189 612 2236 feriunt.
637 2188 695 2234 Nam
726 2186 806 2234 Cicero
827 2189 981 2253 perstringit,
1003 2190 1076 2254 Epist.
1099 2188 1129 2237 ad
1145 2189 1226 2237 Famil.

193 2273 266 2322 Silius
291 2276 349 2322 satis
375 2274 486 2340 ambigue
507 2275 608 2338 colligis
628 2275 696 2320 iram
728 2272 813 2334 ll,le.
832 2274 953 2321 Recordor
966 2276 1033 2322 enim
1045 2259 1228 2339 desperetiooes

195 2376 238 2424 pro
253 2362 349 2408 collides
365 2363 458 2425 posuit,
481 2369 510 2407 ut
526 2359 625 2407 dicimus
641 2361 696 2406 vele
728 2361 821 2420 eorum,
839 2361 884 2420 qui
899 2375 969 2407 senes
981 2368 1064 2423 mant,
1078 2362 1229 2408 adolescente

195 2447 325 2511 colligere,
342 2462 385 2510 pro
400 2447 550 2492 contrahere.
729 2459 775 2492 me.
798 2444 849 2490 Eos
869 2447 1033 2509 egosortasse
1045 2461 1109 2492 oenc
1126 2447 1228 2507 imitor,

226 2531 351 2580 Inmodica
365 2530 473 2577 iuvenis.
496 2531 523 2576 ln
539 2528 594 2577 aliis
608 2530 696 2576 imter-
728 2536 754 2576 et
776 2535 834 2576 utor
857 2531 953 2577 aetatis
976 2532 1049 2578 vitio.
1072 2533 1120 2594 Spe
1141 2533 1229 2595 longus

194 2617 241 2673 lis.
259 2616 287 2663 In
300 2615 424 2664 Breuekm.
441 2616 561 2664 inverbis.
703 2617 707 2622 '
728 2617 809 2680 itaque
823 2613 887 2662 idem
900 2614 964 2680 apud
972 2615 1081 2664 Nostrum
1094 2627 1176 2665 notare
1188 2617 1229 2665 de·

228 2703 385 2751 Oosumiaisse
398 2708 482 2762 cavet,
498 2701 562 2765 quod
575 2717 632 2748 mos
643 2717 695 2748 mu·
726 2699 783 2767 bet,
800 2698 864 2765 quod
875 2699 940 2768 apud
951 2701 1065 2751 Graecum
1083 2703 1228 2760 δύσελπις

196 2795 253 2836 tore
268 2790 367 2837 laboret.
385 2789 413 2835 ln
426 2788 549 2836 Brenelsm.
566 2803 631 2835 euve.
729 2785 755 2834 id
765 2803 821 2833 vero
837 2787 880 2852 qui
893 2787 947 2836 fieri
960 2790 1046 2853 possit,
1060 2801 1161 2838 autnon
1175 2808 1229 2838 con-

228 2876 346 2936 Dilotor‚
363 2889 407 2938 spe
423 2876 527 2940 longas,
544 2875 627 2935 inere,
644 2874 697 2919 ovi·
730 2873 829 2920 trarirm
850 2874 931 2938 potius
951 2875 1087 2939 significet,
1112 2876 1176 2924 haud
1194 2878 1229 2924 ita

196 2961 391 3024 desquefuteri.
406 2959 467 3025 Quid
479 2959 542 3008 illud
555 2974 597 3023 spe
610 2961 698 3022 loges
728 2960 882 3007 menifestum
900 2970 944 3008 est.
970 2960 1051 3010 Phrasi
1067 2963 1164 3028 quidem
1184 2962 1230 3011 hae

196 3045 237 3094 bie
253 3045 300 3094 sibi
323 3046 397 3108 velit,
414 3048 490 3106 anxie*
504 3053 636 3111 quaerunt,
657 3060 698 3090 ne·
731 3060 774 3108 spo
789 3046 877 3108 longus
897 3062 966 3093 nemo
987 3049 1112 3112 quisquam
1130 3050 1173 3114 qui
1188 3047 1231 3096 ho·

196 3147 244 3198 que
262 3148 287 3178 se
304 3131 434 3196 expediunt
449 3132 603 3196 Interpretes.
623 3131 698 3193 Expe·
730 3129 769 3177 die
784 3139 878 3178 exstant
891 3141 999 3180 veterum
1007 3149 1106 3198 usquam
1116 3144 1151 3182 est
1159 3151 1227 3190 usus;
1330 3175 1340 3191 ,

195 3219 285 3266 riamur
302 3226 327 3265 et
343 3234 398 3279 nos,
416 3218 564 3288 simeiorem
580 3217 643 3264 forte
660 3215 698 3263 lu-
729 3215 755 3263 id
789 3225 869 3263 tamen
894 3215 1063 3281 quodammodo
1096 3229 1139 3267 aut
1169 3236 1230 3283 pene

199 3319 251 3351 cem
275 3301 451 3351 obscurissimae
468 3302 568 3351 dictioni
583 3303 699 3367 possimus
731 3309 795 3348 certo
812 3299 873 3365 quid
887 3299 934 3349 sibi
949 3302 1010 3350 velit
1022 3305 1082 3351 seire
1096 3320 1230 3368 possumus,

199 3387 332 3438 effundere.
356 3388 473 3452 Principio
491 3386 554 3436 illud
566 3389 615 3453 'pro
637 3403 699 3434 eom·
731 3387 752 3434 si
767 3400 824 3449 spes
844 3387 919 3451 longo
941 3403 1000 3452 quse
1022 3392 1055 3438 sit
1071 3389 1144 3436 semel
1159 3391 1231 3437 resei-

198 3484 267 3540 perto
283 3472 419 3522 habendum
433 3483 483 3535 est,
497 3475 523 3520 in
538 3472 577 3520 his
593 3482 699 3520 aetatum
732 3473 828 3519 erimus.
836 3472 920 3520 Noster
927 3473 1000 3521 Carm.
1011 3475 1069 3534 1,·4.
1088 3476 1159 3522 Vitae
1166 3491 1231 3522 sum-

198 3559 375 3609 oharacteribus
385 3559 573 3607 utAristotelem
581 3558 699 3617 Naturae,
731 3572 772 3604 ma
788 3558 869 3605 brevis
888 3575 961 3622 spem
974 3574 1018 3606 nos
1033 3567 1102 3608 vetat
1117 3562 1232 3608 inchoare

199 3647 236 3695 ite
256 3647 366 3694 Nostrum
384 3645 518 3692 Aristotelis
538 3644 646 3707 vestigiis
666 3644 702 3690 iu·
734 3645 839 3708 longam.
853 3646 908 3692 Iam
918 3653 942 3692 te
944 3653 1043 3708 premet
1051 3662 1112 3709 noa,
1118 3648 1233 3707 salttloe'·

199 3733 297 3782 stitisse.
315 3734 338 3779 ls
351 3733 426 3797 igitur
438 3730 510 3778 Rhet.
523 3731 559 3786 11,
575 3730 620 3789 13,
634 3725 708 3775 senes'
733 3744 778 3791 que
790 3731 887 3778 Mones.
909 3731 972 3792 etl,
988 3735 1027 3779 ll.
1052 3735 1158 3796 Sepias,
1172 3737 1233 3782 vina

202 3816 368 3874 δυσέλπιδας
393 3835 442 3865 esse
468 3813 556 3876 tradit,
578 3813 623 3861 hoe
645 3823 698 3877 est,
732 3816 1040 3880 liques,etspatiobreoi
1053 3822 1125 3884 Spem
1135 3822 1233 3886 longam

200 3903 370 3967 desperantes,
385 3905 463 3950 viset
478 3902 547 3949 tarde
558 3907 584 3947 et
593 3901 702 3948 tenuiter
733 3916 839 3949 reseces:
856 3903 913 3949 dum
928 3904 1065 3966 loquimur,
1073 3906 1178 3971 fugerit
1193 3909 1233 3954 in·

172 3972 175 3983 ⁸
201 3998 343 4051 sperantes;
365 3988 437 4055 idque
459 4005 512 4036 eum
528 3987 559 4034 ob
576 3987 701 4050 experien-
733 3989 792 4035 vida
804 3990 889 4037 Aetas.
907 3989 994 4037 Seneca
1007 3991 1079 4054 Epist.
1091 3992 1167 4051 nu.
1185 3994 1233 4040 Fu-

203 4075 283 4135 tiom,
305 4074 369 4138 quod
390 4074 502 4140 pleraque
526 4075 553 4121 in
574 4073 624 4119 vita
640 4072 701 4120 male
733 4074 783 4120 olle
798 4064 836 4121 est
849 4078 1018 4138 compastores
1034 4079 1147 4140 evadere,
1159 4079 1186 4125 si
1197 4093 1233 4125 oc·
