2752 4844
481 399 540 458 All
571 396 787 456 Plsottss
1088 394 1142 454 111

152 599 322 673 Idcircone
347 625 447 693 vager
470 598 681 693 scribamque
703 595 866 668 licenter?
887 621 931 667 an
952 620 1065 668 omnes

119 825 226 890 indigne
241 835 304 874 stare
321 833 467 890 nonpotest.
501 822 559 871 Nam
575 823 618 887 (sui
650 823 695 870 dns
710 829 735 870 et
750 823 866 870 disiectis
882 823 1005 885 numeris,
1022 829 1052 870 et
1068 837 1150 871 omnes

118 911 218 961 Accium
236 921 261 959 et
276 912 375 959 Ennium
399 919 512 971 excusat,
539 907 617 956 dicere
650 909 679 955 id
699 915 725 956 et
740 910 854 957 serenent
872 911 1041 974 etignoscent
1057 908 1147 958 temen.

118 994 202 1044 debuit
220 997 312 1061 digne,
337 996 444 1060 alioquin
464 996 514 1060 ipse
536 1011 616 1059 repre·
648 993 698 1041 Non
717 995 834 1058 persensit
853 995 891 1042 vir
911 993 1017 1043 eruditus
1037 1002 1068 1042 nt
1091 997 1149 1060 poni

117 1079 217 1144 hendit,
235 1080 298 1147 quod
314 1090 418 1131 excusat.
449 1081 546 1128 Omnino
562 1081 619 1126 scri·
650 1078 690 1126 hic
709 1096 752 1144 pro
774 1081 897 1142 quemvis,
923 1081 995 1142 licet,
1016 1081 1103 1144 posito
1123 1088 1149 1128 et

117 1165 222 1215 bendum
239 1177 286 1216 est:
300 1169 352 1217 Nec
367 1147 427 1216 dete
443 1167 562 1214 llmnenis
578 1181 617 1212 ve·
649 1181 772 1213 oorecesso:
803 1182 849 1231 quo
875 1182 944 1214 sensu
965 1166 1149 1215 infinitis-locis

117 1253 163 1299 nie
178 1254 335 1318 cstindigne
347 1254 440 1317 poetis.
467 1252 616 1299 111111111-
648 1250 712 1316 apud
749 1253 875 1316 scriptores
903 1253 1019 1299 occurrit:
1054 1250 1168 1312 Ovidius¹

118 1348 179 1388 tasse
196 1349 232 1388 eet
244 1357 325 1391 versus
340 1350 448 1387 veterum
462 1338 618 1385 Romanorum
651 1337 755 1402 Epistola
764 1336 836 1386 Didus
851 1354 886 1386 vs.
905 1338 943 1385 15.
964 1338 996 1385 Ut
1009 1345 1102 1385 terrem
1110 1339 1149 1384 in·

118 1441 167 1472 esse
180 1424 298 1474 duriores:
313 1422 615 1474 sednonomnesvident:
650 1425 750 1486 oenias,
773 1426 830 1488 qais
851 1439 903 1471 earn
928 1425 979 1472 tili
1003 1421 1087 1471 tradet
1108 1425 1149 1471 lta·

119 1520 143 1557 et
163 1509 207 1559 hoo
228 1513 275 1560 iam
291 1527 425 1559 concessum
442 1520 477 1558 est
493 1509 616 1570 Romanis,
650 1506 772 1557 lendum?
788 1511 846 1574 Ergo
863 1508 908 1557 hoc
929 1508 1006 1556 voluit
1026 1510 1147 1557 Horatius:

117 1612 193 1662 neque
210 1598 335 1645 immerito.
357 1595 428 1643 Nulla
440 1612 477 1643 ree
497 1596 578 1643 statim
592 1603 617 1641 et
648 1594 749 1659 Indigna
769 1598 839 1642 venia
860 1594 915 1643 data
933 1605 968 1642 est
989 1593 1150 1642 immodulatis

117 1683 213 1732 inventa
229 1691 254 1729 et
274 1683 382 1747 perfecta
398 1690 442 1729 est.
467 1679 562 1727 Veteres
577 1679 617 1728 illi
650 1681 778 1738 trimetris3
795 1697 843 1728 non
864 1691 948 1728 omnes
957 1679 1076 1729 auditores
1094 1697 1150 1744 pec-

116 1784 164 1815 non
193 1784 242 1816 esse
266 1776 397 1833 potuerunt
422 1775 471 1815 tam
496 1765 617 1830 elegantes
649 1775 728 1813 catum
758 1766 879 1828 sentiunt,
910 1775 934 1814 et
958 1768 1001 1832 qui
1025 1766 1148 1827 sentiunt,

117 1869 188 1919 (11111
200 1853 291 1901 Graeci.
337 1908 341 1913 ,
648 1853 781 1916 ignoscunt.
801 1851 859 1917 quid
879 1853 949 1901 tun?
972 1852 1059 1901 Ideonc
1075 1847 1153 1899 sciens

128 1984 130 1988 ,
150 1939 306 2002 Sorilemqne
328 1935 457 1986 licenter?
478 1954 511 1985 on
535 1952 616 1984 omnes
647 1936 798 2003 prudensque
818 1939 848 1985 el
865 1940 933 1985 artie
947 1938 1092 2002 praeceptis
1108 1953 1151 1984 ee-

120 2024 222 2073 Viseros
238 2031 349 2089 peccota.
371 2023 479 2088 Difficilis
495 2022 575 2086 locus,
592 2033 617 2070 et
646 2039 709 2088 ger,
725 2032 752 2071 et
764 2025 870 2071 sorilmn
886 2021 1011 2072 licenter?
1027 2030 1098 2072 tetes
1112 2023 1151 2072 ni-

117 2109 618 2176 11111111111111111111111;1111111111
650 2111 736 2156 mirum
757 2110 869 2172 futurus,
896 2119 920 2158 ct
941 2112 1013 2156 intro
1028 2125 1095 2173 spent
1110 2123 1152 2157 ee-

117 2197 219 2245 vicissim
234 2195 337 2243 multum
358 2196 427 2242 torsit
448 2203 473 2241 et
489 2193 619 2240 frustratus
650 2195 708 2240 niae
726 2201 831 2256 cautes,
849 2197 954 2260 quamvis
971 2211 1052 2242 mnnes
1062 2202 1150 2258 poten

118 2289 169 2328 est:
195 2281 234 2328 Et
257 2280 318 2327 dete
339 2280 458 2326 llenaenis
481 2279 555 2325 venio
579 2284 619 2325 est
646 2286 750 2342 peccate
763 2294 816 2326 enee
829 2278 949 2327 visuros?
964 2281 1060 2327 minime
1077 2295 1148 2328 vero:

117 2367 225 2431 indigne
248 2367 341 2430 poetis.
375 2365 500 2413 Idaircone
528 2379 617 2428 vager,
650 2380 719 2426 nam,
750 2374 880 2431 utcumque
905 2365 964 2414 haec
991 2367 1062 2414 metri
1090 2368 1151 2415 vitia

117 2454 267 2516 scribamque
284 2447 411 2499 licenter?
429 2466 462 2497 on
477 2464 557 2497 omnes
576 2449 617 2496 Vi·
650 2448 777 2497 condonari
792 2459 817 2498 et
830 2452 921 2515 ignosci
933 2450 1038 2514 soleant,
1052 2461 1151 2500 atcerte

117 2555 188 2587 sacros
207 2545 311 2602 peccate
324 2544 412 2601 palem
427 2551 482 2583 mee
503 2542 576 2583 tetes
593 2541 620 2581 et
652 2551 680 2582 eo
694 2545 762 2600 pacto
776 2538 871 2599 centone
884 2536 1149 2600 tantummodoeitoei,

115 2626 188 2672 intre
212 2625 284 2688 Spem
301 2625 388 2671 veniae
403 2618 517 2670 centes?
534 2623 618 2669 vitani
649 2623 742 2668 veniam
758 2620 826 2669 modo
838 2623 978 2687 impetravi,
992 2639 1040 2671 nen
1055 2618 1151 2671 lanima

116 2710 219 2774 deniqne
231 2711 328 2773 1111111
340 2709 398 2756 Non
415 2708 512 2755 modern
526 2708 616 2755 merei.
649 2707 738 2754 neerei.
762 2706 806 2754 Vos
821 2724 890 2770 vero,
908 2725 922 2756 o
939 2709 1046 2772 Pisones,
1063 2708 1152 2774 quibus

116 2793 161 2844 Ubi
183 2795 302 2856 Grifolus,
326 2795 478 2841 Luisinus'et
496 2792 617 2840 Marcilius
648 2792 725 2839 virtus
738 2801 774 2840 est
787 2793 925 2858 animusque
942 2793 972 2842 ad
988 2794 1083 2843 landem
1101 2811 1152 2843 cre·

117 2879 188 2928 aliam
209 2879 397 2927 ¹distinctionem
425 2877 560 2940 inducunt,
585 2893 618 2924 on
650 2887 718 2939 ctus,
746 2880 897 2942 enemplorie
925 2881 1016 2928 (111111
1040 2880 1152 2928 studiose

117 2981 198 3014 ornnes
216 2966 317 3013 Viseros
329 2970 433 3028 peccate
441 2970 529 3027 poten
541 2959 617 3010 ntea?
650 2965 727 3029 legite
746 2973 817 3030 atque
842 2959 976 3014 imitamini.
1010 2965 1077 3014 Clara
1097 2982 1153 3031 pro·

87 3096 90 3105 ,
118 3059 190 3100 tetus
205 3058 232 3099 et
245 3052 318 3098 intre
332 3065 399 3114 spera
411 3051 498 3098 veniae
512 3055 614 3111 contus,
648 3050 713 3098 fecto
734 3048 803 3098 haec'
813 3060 848 3098 est
865 3060 890 3098 11
909 3053 1005 3117 egregia
1017 3055 1149 3112 sententia3

117 3138 202 3186 vitavi
214 3137 316 3199 deniqne
331 3137 434 3200 1111111.
453 3136 549 3183 Rectior
562 3135 614 3200 qui-
647 3133 710 3183 unde
732 3144 757 3183 et
772 3135 859 3184 Griloli
875 3145 1055 3204 ceterorumque
1077 3140 1152 3188 iuter·

117 3222 172 3271 dem
187 3221 261 3286 haec,
278 3237 348 3286 (suam
362 3237 423 3286 quae
436 3219 507 3269 hodie
517 3222 617 3269 circum·
649 3222 748 3286 punctio
765 3221 837 3269 facile
856 3222 1020 3289 redarguitnr;
1045 3227 1153 3274 111111-

117 3310 211 3357 fertnr:
243 3324 321 3373 neque
345 3317 424 3356 tamen
447 3305 614 3355 difficultatem
647 3305 700 3354 bini
715 3308 793 3371 gravis
815 3325 879 3357 error
901 3310 1041 3374 refutatur,
1067 3313 1110 3377 qui
1123 3311 1153 3360 fi-

118 3395 192 3445 tolllt.
225 3394 340 3442 Nimirum
359 3392 486 3458 legendum
511 3402 562 3441 erat
585 3399 616 3440 et
648 3391 933 3459 denterinterpolabat,
957 3413 991 3444 en
1012 3413 1092 3445 ornnes
1111 3398 1152 3444 Vi·

117 3497 215 3546 proen,
227 3479 291 3547 quod
300 3479 408 3529 etGodex
418 3478 490 3526 Statii
503 3477 617 3541 exhibet,
651 3493 722 3526 ceros
733 3488 836 3543 peccate
848 3489 936 3544 putem
951 3498 1019 3547 ntea,
1042 3490 1113 3530 tetes
1126 3489 1153 3530 et

118 3575 144 3613 et
166 3566 313 3615 Battelianus
334 3575 414 3613 noster
430 3581 473 3629 pro
497 3565 563 3612 varia
584 3563 620 3612 le·
651 3571 725 3612 antra
737 3566 811 3628 Spem
823 3565 1028 3616 conicerentur?
1043 3569 1150 3630 1111111,

118 3652 196 3700 ctione
209 3653 313 3717 profert:
323 3652 448 3701 idcircone
457 3665 544 3716 vager,
554 3650 617 3697 scri·
650 3650 671 3698 si
686 3666 719 3697 on
729 3648 769 3698 hic
784 3650 883 3716 legeris,
902 3662 926 3701 et
942 3655 1113 3719 oppositionem
1125 3654 1152 3702 11

118 3738 216 3800 lenaqrce
229 3733 355 3785 licenter?
373 3738 405 3785 Ut
421 3752 502 3785 mnnes
516 3737 617 3784 Visnros
649 3733 688 3784 his
704 3752 753 3784 esse
761 3737 873 3800 finxeris,
887 3733 1023 3787 1111111111
1033 3741 1153 3789 licenter.-

113 3829 217 3888 peccote
225 3829 313 3886 putam
327 3838 395 3884 enee,
421 3829 492 3870 tetes
508 3830 534 3870 et
546 3823 619 3869 intre
651 3837 684 3869 an
701 3831 782 3869 contra
800 3837 848 3870 non
864 3825 967 3886 peccalo
984 3840 1025 3888 spe
1046 3828 1151 3888 oeniee‚·

119 3911 193 3974 spem
208 3909 294 3956 oenioe
315 3904 426 3955 centes?
449 3907 516 3971 Quod
531 3907 621 3956 Statius
654 3907 845 3971 quondoquidem
872 3924 953 3956 ornrtes
975 3925 1029 3957 men
1047 3919 1152 3976 peccota

117 3998 143 4045 in
164 3984 226 4043 lanc
247 3995 389 4042 sententiam
406 3993 523 4058 explicat:
544 3995 617 4042 Itone
650 3995 747 4041 eineres
758 3999 859 4055 putent,
876 3995 979 4058 speciem
992 3995 1151 4045 verihabebit

118 4084 222 4132 licenter
246 4080 366 4142 scribom,
391 4080 522 4127 contemtis
542 4075 1154 4131 11111·-11111111111111111.1111111111111111-4
