2752 4844
175 389 215 452 ts
441 345 656 452 uoulru
686 390 933 451 urrsrota
1006 437 1013 447 .

199 594 274 664 Non
296 593 374 663 satis
395 602 447 663 est
464 593 607 686 pulchra
626 614 697 662 esse
713 599 886 686 poemata,
915 590 1027 660 dulcia
1044 599 1167 682 sunto,

172 816 276 877 adiecit,
291 818 316 864 ia
330 815 416 881 quihus
426 825 450 863 et
460 814 517 863 hoe:
533 815 671 881 »Telephus
703 814 745 862 lud
760 816 912 880 explicavisse
926 818 1051 880 separatim
1061 819 1202 865 etunirerse

172 905 243 950 exsul
258 918 333 967 neque
355 920 384 950 ex
400 903 477 966 poetis
495 903 602 967 cognitus
620 912 668 963 est,
701 902 726 948 in
743 901 910 966 sequentibus,
927 901 981 950 inde
999 920 1012 950 a
1029 920 1062 951 vs.
1077 906 1132 951 201.
1159 903 1204 950 Ne·

174 1004 251 1052 neque
273 1005 352 1035 caussa
374 988 452 1035 exsilii
474 1005 502 1035 ex
523 987 668 1053 Mythologia
702 1003 747 1051 que
762 988 886 1052 intelligo,
909 1004 951 1034 cur
969 987 1030 1042 illud
1049 988 1204 1053 epiphonema

175 1074 258 1120 confici
275 1083 360 1138 potest.
386 1074 489 1120 Fortasse
511 1074 586 1136 igitur
602 1075 673 1120 exsul
704 1074 730 1120 si
760 1081 832 1120 curat
855 1089 896 1120 eor
924 1076 1062 1135 spectantis
1087 1077 1206 1138 tetigisse

174 1157 237 1225 apud
258 1159 380 1206 Horatium
402 1175 448 1205 non
470 1159 563 1221 proprie
585 1159 672 1221 accipi·
704 1160 802 1220 querela
834 1159 878 1205 soli
911 1158 1044 1223 tragoediae
1067 1148 1202 1222 addiderit,

176 1243 270 1293 endum.
293 1243 427 1308 Telephus,
445 1245 500 1307 qui,
517 1243 674 1290 nisriuGrae·
707 1260 759 1290 eum
784 1245 861 1291 simile
885 1243 976 1309 aliquid
994 1243 1058 1292 haud
1075 1247 1151 1292 minus
1175 1244 1206 1293 ad

176 1331 226 1392 cia,
250 1332 328 1377 sanari
346 1346 392 1376 non
419 1339 510 1392 posset,
533 1345 547 1375 a
569 1330 619 1376 fato
644 1345 673 1375 ex
707 1328 849 1376 comoediam
859 1330 943 1377 suisset
956 1330 1113 1378 referendum.
1129 1332 1205 1394 Quare

176 1417 250 1482 Mysia
267 1415 386 1462 discedere
405 1425 498 1462 coactns
515 1425 539 1461 et
560 1415 632 1477 quasi
647 1416 676 1461 iu
702 1400 803 1462 ⁸minime
824 1414 923 1477 dubito,
949 1417 1007 1480 quin
1023 1416 1133 1463 Horatius
1148 1418 1205 1464 scri·

177 1503 295 1548 exsilium
304 1503 467 1549 eicctusest.”
475 1500 615 1561 Difficultas,
626 1517 674 1547 cre·
707 1503 796 1565 pserit:
830 1503 948 1564 Telephus
972 1510 997 1549 et
1023 1503 1125 1564 Peleus,
1154 1518 1208 1550 eum

178 1585 221 1649 do,
239 1597 274 1635 est
290 1586 397 1648 sublata,
415 1588 435 1634 si
443 1585 513 1634 verba
527 1568 618 1633 Horatii
627 1588 674 1648 sio,
704 1603 799 1650 pauper
818 1594 843 1634 et
867 1590 950 1649 exsul,
971 1595 1072 1651 uterque
1097 1590 1209 1636 Proiecit

176 1682 205 1720 ut
221 1674 280 1734 ieci,
298 1675 494 1737 interpretemur,
510 1684 628 1737 tamquam
642 1673 676 1720 le·
708 1674 828 1736 ampullas
844 1681 870 1720 et
885 1676 1064 1737 sesquipedalia
1080 1677 1159 1724 verbo.
1177 1677 1209 1723 Si
1252 1673 1259 1680 ”

178 1768 289 1823 geretur:
313 1759 431 1824 Telephus
459 1769 483 1806 et
512 1759 608 1820 Peleus,
634 1758 677 1806 ille
709 1768 782 1806 eura's
797 1776 838 1806 eor
853 1762 991 1823 spectantis
1014 1763 1130 1825 tetigisse
1154 1777 1209 1824 que·

173 1860 285 1908 pauper,
308 1843 347 1890 hic
369 1846 453 1905 exsul,
475 1854 576 1907 uterque
593 1842 676 1890 abiicit
709 1846 774 1905 reta,
800 1845 857 1892 Nou
881 1849 948 1893 satis
972 1854 1010 1893 est
1029 1849 1133 1910 pulchre
1158 1862 1211 1894 esse

178 1929 303 1992 ampullas.
324 1927 535 1995 ‘wyttenbachius
559 1945 601 1992 pro
626 1944 679 1974 eum
707 1937 835 1992 poemata,
858 1932 941 1978 delicia
959 1940 1031 1979 sumo
1053 1949 1086 1997 sq.
1121 1933 1210 1980 Novum

179 2013 340 2086 volebatcup:
354 2023 382 2060 ut
394 2023 456 2060 esset
470 2014 623 2077 interrogatio
640 2031 681 2060 ne·
713 2013 752 2061 hic
777 2015 862 2079 incipit
879 2027 1031 2081 praeceptum
1048 2017 1077 2065 de
1095 2035 1135 2080 co,
1153 2017 1211 2084 quid

181 2115 250 2164 gaus:
268 2100 409 2146 sententiam
427 2098 489 2144 enim
502 2099 622 2162 requirere
639 2115 680 2145 ue·
712 2100 801 2146 animos
817 2110 974 2164 spectatorum
997 2115 1156 2165 commoveat,
1182 2103 1211 2151 de

180 2185 306 2250 gatiouem.
324 2185 445 2248 Accepisse
462 2183 557 2230 videtur
571 2185 680 2247 proiicit
712 2187 839 2249 praecipuo
865 2187 1006 2252 Tragoedias
1031 2200 1055 2236 et
1076 2188 1211 2237 Comoediae

100 2334 105 2343 .
180 2288 227 2319 non
241 2288 283 2335 pro
299 2272 403 2332 adiicit,
419 2269 460 2317 sed
471 2271 680 2330 iurnodiumfert.
715 2272 819 2319 consilio.
835 2274 867 2320 Si
882 2289 968 2335 carros,
985 2277 1005 2321 si
1021 2276 1074 2340 quis
1092 2285 1175 2337 curat,
1191 2275 1212 2323 si

215 2359 247 2405 Si
261 2364 333 2404 curat
349 2372 389 2403 cor
410 2357 548 2420 spectantis
568 2357 686 2419 tetigisse
719 2359 832 2421 scriptor,
850 2358 870 2404 si
886 2374 926 2404 vos
943 2376 956 2405 o
974 2360 1066 2406 Pisones
1082 2363 1178 2408 curatis.

181 2445 287 2507 querela.
305 2443 371 2489 Prius
386 2458 456 2506 quam
473 2440 511 2487 hrc
525 2440 617 2504 aliquid
630 2457 681 2488 mu·
745 2442 802 2488 Nou
826 2444 893 2488 satis
917 2450 956 2489 est
971 2445 1076 2505 pulchro
1092 2459 1143 2490 esse
1157 2459 1215 2507 poe-

183 2539 246 2589 tem,
266 2527 391 2574 dicendum
405 2537 453 2588 est,
468 2543 510 2573 eur
525 2525 622 2590 vulgata
635 2543 681 2574 non
714 2534 795 2588 muta,
812 2528 894 2574 decima
907 2536 986 2575 sunto.
1006 2530 1093 2577 Anxius
1110 2540 1133 2577 et
1150 2530 1215 2577 solli-

184 2613 302 2678 placeant.
320 2613 410 2676 inspice
427 2613 514 2658 iterum
527 2605 680 2659 sententiam:
716 2613 774 2660 citos
791 2614 875 2659 merito
899 2611 983 2660 hahuit
1005 2613 1044 2661 hio
1060 2614 1126 2663 locus
1142 2618 1216 2663 inter·

185 2700 225 2746 Est
241 2700 330 2760 oratio,
346 2699 415 2745 unice
424 2698 518 2763 propria
531 2696 683 2758 Comoedias,
717 2707 810 2761 pretes;
831 2714 882 2744 cum
906 2697 1003 2746 obscura
1019 2701 1064 2761 sit,
1090 2718 1160 2766 quam
1176 2719 1217 2766 po-

187 2795 235 2846 est,
252 2784 408 2849 Tragoediue:
431 2782 550 2831 interdum
565 2793 642 2830 tamen
659 2784 684 2829 iu
717 2783 754 2829 nit
768 2784 884 2848 oppositio
897 2784 1069 2848 interpulelrra
1087 2798 1111 2834 et
1124 2789 1215 2835 dulcia.

184 2871 307 2919 Comoedia
321 2880 384 2918 recte
398 2872 494 2934 ponitur
510 2869 602 2932 aliquid
616 2869 688 2933 tragi-
720 2868 847 2917 Pulchrum
871 2871 933 2917 enIm
959 2887 1117 2939 quascumque
1135 2874 1217 2920 carmi·

187 2974 240 3021 eae,
271 2959 295 3005 iu
322 2955 449 3021 Tragoedia
470 2953 561 3019 aliquid
583 2955 683 3002 comicae
716 2956 753 3002 uis
768 2956 893 3018 uirtutes,
920 2957 991 3004 etiam
1014 2960 1088 3023 ipsam
1111 2957 1217 3007 dulcedi·

186 3043 307 3090 orationis.
323 3042 432 3089 Chremes
442 3041 516 3088 iratus
529 3039 636 3104 loquitur
644 3056 683 3086 ore
717 3057 770 3088 nem
795 3042 820 3088 in
842 3058 866 3088 se
888 3043 1009 3090 continere
1026 3045 1077 3091 iure
1100 3045 1216 3092 videatur.

187 3125 294 3188 tumido,
308 3126 391 3175 Peleus
405 3136 429 3173 et
436 3124 566 3189 Telephus,
581 3123 621 3170 hio
630 3140 687 3187 pau·
720 3125 803 3171 Noster
823 3125 896 3173 Serm.
912 3127 937 3188 l,
952 3130 982 3175 10
1002 3127 1030 3175 de
1044 3130 1150 3177 Lucilio:
1168 3127 1220 3175 Nee

189 3229 246 3278 per,
267 3212 309 3259 ille
335 3212 415 3272 exsul,
436 3211 565 3274 loquuntur
588 3226 626 3257 ore
647 3209 690 3257 hu·
723 3217 804 3257 tamen
819 3211 861 3257 hoc
879 3213 990 3260 tribuens
1008 3214 1115 3260 dederim
1131 3228 1220 3275 quoque

103 3309 104 3312 ’
189 3298 250 3346 mili.
275 3297 318 3344 ilie
342 3298 459 3344 sententia
483 3296 590 3360 explicit.
625 3294 689 3342 Nihil
722 3303 818 3343 cetera:
839 3311 895 3342 uum
916 3299 954 3344 sie
975 3299 1013 3345 Et
1030 3299 1120 3345 Laberi
1134 3301 1222 3346 miurus

189 3383 292 3449 amplius
312 3382 467 3431 desideratur.
492 3380 611 3445 Quidquid
624 3380 688 3428 adie-
721 3389 747 3428 et
766 3383 871 3444 pulchra
884 3391 999 3445 peculatu
1014 3385 1100 3431 miror.
1127 3383 1171 3430 Ubi
1186 3385 1221 3431 vi·

190 3471 262 3532 ceris,
288 3478 323 3516 est
339 3483 516 3532 superuacuum.
540 3466 628 3514 Deinde
644 3466 688 3513 ali·
720 3465 761 3514 des
773 3469 892 3530 pulchro,
910 3479 934 3515 et
952 3469 1055 3515 facetum
1072 3469 1135 3534 quod
1154 3470 1223 3516 Luci·

191 3565 279 3623 quanto
307 3555 361 3620 plus
382 3554 511 3618 requiritur
531 3551 561 3600 ad
580 3567 620 3599 eor
636 3568 689 3615 spo·
722 3552 754 3598 lio
773 3552 903 3615 tribuitur,
929 3563 953 3601 et
974 3563 1054 3602 cetera
1068 3556 1145 3602 omnia
1162 3571 1223 3602 eom-

192 3644 298 3692 ctatoris
331 3641 496 3705 tangendum,
526 3655 596 3704 quam
628 3637 690 3703 quod
723 3638 879 3703 prehendere.
914 3640 987 3702 Epist.
1010 3640 1049 3701 ll,
1071 3654 1097 3702 1,
1117 3644 1156 3689 72.
1181 3641 1225 3688 sed

192 3729 287 3791 Peleus,
306 3743 396 3792 pauper
410 3736 434 3773 et
450 3723 517 3772 exsul
531 3741 636 3772 sermone
650 3740 691 3788 pe·
723 3726 850 3772 euwndota
885 3726 967 3772 videri
998 3727 1166 3790 Pulchruque,
1199 3734 1224 3774 et

194 3813 267 3862 destri
295 3823 386 3862 utatur.
416 3811 441 3859 Si
465 3813 518 3876 quis
544 3819 614 3875 putet
644 3826 694 3856 esse
727 3813 823 3858 exactis
843 3812 972 3857 minimum
992 3813 1118 3860 distantia
1138 3815 1224 3862 miror.

194 3908 345 3963 praeceptum
359 3897 387 3946 de
402 3896 565 3944 convenientia
581 3897 692 3942 sermonis
725 3896 834 3961 Plerique
852 3912 872 3959 p
890 3899 957 3944 lehre
974 3899 1007 3945 ita
1025 3899 1137 3946 dulcibus
1154 3915 1225 3963 oppo-

196 3999 250 4030 cum
274 3993 338 4031 statu
366 4000 490 4046 personae,
516 3983 539 4029 ei
564 3979 693 4045 respondeo
725 3992 800 4043 nunt,
817 3992 845 4029 ut
864 3982 907 4029 illa
923 3984 970 4030 sint
984 3984 1049 4045 alta,
1068 3985 1131 4032 elata
1147 3984 1225 4048 splen-

197 4067 242 4118 lroe
257 4083 320 4114 nune
335 4084 382 4116 uon
398 4069 453 4133 agi,
477 4077 502 4115 et
517 4067 640 4114 Horatium
662 4064 692 4112 il·
725 4065 787 4115 didis
808 4077 833 4115 et
854 4069 984 4134 magnificis
1006 4068 1084 4117 verbis
1104 4068 1224 4118 micantia.
