2752 4844
539 395 600 459 Ab
631 396 847 461 Plsonss.

215 604 388 698 Reddatur
411 599 549 672 formas.
573 599 763 672 Pictoribus
796 604 898 692 atquo
921 599 1028 694 poetis

212 721 388 813 Quidlibet
411 720 556 791 audendi
581 743 713 814 semper
737 717 801 788 fnit
826 739 932 810 aequa
957 724 1114 813 potestas.

119 925 124 928 ,
214 845 364 933 Scimus,
388 846 423 911 et
447 841 535 912 hano
561 843 690 913 veniam
714 841 951 935 petimusque,
975 837 1163 932 damusque

999 958 1167 1046 vicissim3·

211 1083 280 1168 ¹Sed
304 1105 372 1152 non
397 1087 437 1151 ut
461 1063 745 1175 placidis'eoeant
770 1078 932 1164 immitia,
955 1099 1025 1147 non
1051 1084 1089 1147 ut

213 1202 389 1296 Serpentes
412 1197 530 1271 avibus
556 1200 786 1292 geminentur,
812 1196 956 1291 tigribus
980 1199 1067 1292 agni.
1150 1197 1153 1204 ’

212 1319 531 1415 Inceptis·gravibus
539 1310 767 1414 plerumque,
792 1325 826 1389 et
845 1305 965 1412 magna
985 1318 1162 1414 professis,

211 1443 424 1537 Purpureus,
450 1441 518 1512 late
542 1442 602 1535 qui
628 1440 821 1534 splendeat,
848 1455 955 1531 unus,
980 1446 1014 1510 et
1038 1439 1123 1510 alter

211 1560 369 1632 Assuitur
392 1585 545 1656 pannus,
570 1586 677 1655 quum
702 1562 821 1652 luous,
847 1569 881 1632 et
906 1584 963 1631 ara
987 1543 1129 1651 Dianae,

212 1681 254 1751 Et
272 1683 484 1777 properantis
501 1705 608 1775 aquae
628 1702 863 1776 peramoenus
880 1679 1027 1750 ambitus
1046 1701 1162 1771 agros,

189 1884 192 1888 Ι
213 1799 284 1870 Aut
296 1799 424 1871 flumen
432 1801 604 1891 Rhenum,
615 1808 677 1896 aut
689 1799 827 1895 pluvius
841 1798 1043 1870 describitur
1055 1821 1164 1868 arcus.

188 1971 191 1975 .
213 1915 278 1986 Sed
291 1939 383 1987 nuno
394 1940 464 1988 non
475 1927 547 1988 erat
558 1917 610 1987 his
628 1917 735 1988 loous.
761 1917 801 1988 Et
813 1918 953 1988 fortasse
966 1912 1165 2012 supressum

181 2117 315 2181 muliebre,
345 2120 420 2183 capiti
451 2120 535 2184 iungat
560 2121 674 2167 cervicem
706 2120 816 2168 Horatius
839 2121 919 2168 finxit.
951 2120 1061 2168 Horatius
1079 2118 1140 2167 hano
1160 2134 1205 2167 ve-

183 2221 275 2270 equae,
300 2213 351 2251 tum
372 2212 451 2251 cetera
466 2203 571 2250 membra
587 2204 674 2267 plumis
706 2207 770 2251 niam
786 2204 913 2252 eoncede're
937 2221 984 2251 non
1000 2205 1089 2268 potuit.
1116 2203 1200 2253 Conce-

183 2290 286 2351 vestiat,
311 2304 355 2349 ea,
378 2302 437 2352 quae
461 2302 489 2333 ex
507 2284 605 2333 diversis
623 2288 673 2334 ani·
706 2287 758 2350 dit,
775 2288 816 2336 sed
832 2305 885 2336 eum
902 2291 1057 2354 exceptione,
1073 2306 1104 2336 ne
1118 2297 1201 2337 coeant

183 2371 285 2420 malibus
311 2370 426 2427 eontulit;
454 2371 512 2419 adeo
538 2381 581 2434 ut,
607 2374 678 2421 sicuti
710 2375 811 2423 immitia
833 2374 945 2439 placidis3
972 2389 1049 2438 neque
1074 2374 1129 2438 agni
1147 2375 1201 2421 iun-

183 2477 227 2508 neo
239 2467 310 2524 caput
324 2457 378 2506 aliis
390 2456 512 2523 partibus,
528 2458 563 2504 ita
576 2473 620 2504 neo
633 2475 674 2523 pes
708 2470 794 2524 gantur
815 2460 925 2527 tigribus.
950 2459 1022 2507 Vetus
1041 2458 1132 2507 dictum
1149 2468 1201 2522 est,

184 2546 258 2611 capiti
281 2544 382 2610 aliisque
404 2544 512 2610 partibus
535 2547 676 2608 conveniat,
708 2555 736 2592 ut
760 2556 858 2611 apparet
883 2564 912 2595 ex
935 2548 1039 2595 Luciano
1064 2562 1106 2611 pro
1127 2547 1200 2611 imag.

184 2630 284 2679 sedtotu
295 2631 373 2695 imago
386 2630 464 2679 iudea
477 2631 555 2695 capite
567 2630 597 2678 ad
605 2630 677 2696 pedes
709 2632 735 2680 T.
745 2631 774 2681 Η.
793 2631 850 2681 edit.
868 2633 950 2682 Graes.
966 2649 990 2697 p.
1000 2634 1040 2679 28.
1056 2633 1148 2680 ταῦτα
1162 2645 1203 2680 σοι

184 2721 222 2769 sui
234 2721 265 2768 sit
278 2716 480 2783 dissimilis,quis
493 2718 566 2765 risum
579 2718 676 2767 teneat?
709 2714 827 2783 ἔκμετρα
857 2716 953 2776 ἔδοξε,
986 2718 1032 2765 καὶ
1060 2715 1129 2784 ὑπὲρ
1154 2719 1204 2767 τὸν

184 2808 217 2855 De
234 2808 312 2868 libro,
333 2820 409 2853 vanus
425 2805 518 2867 speeies
533 2802 671 2865 sufficiunt,
703 2801 761 2851 urbo*
763 2820 788 2850 α.
800 2804 864 2869 περὶ
877 2804 969 2852 αὐτῶν
979 2805 1015 2870 δὴ
1026 2805 1128 2854 τούτων
1137 2805 1201 2870 ἐρῶ·

185 2893 241 2958 quis
256 2887 447 2954 insequentibus
463 2888 539 2936 multa
554 2889 584 2937 ad
601 2890 677 2956 expli·
709 2893 798 2940 notros
830 2891 946 2946 παλαιὸς
973 2876 1051 2947 οὗτος
1081 2889 1095 2938 ὁ
1126 2890 1204 2953 λόγος

185 2975 269 3025 caudas
293 2975 408 3023 librorum
428 2975 531 3039 ineptias
553 2974 669 3040 explieat:
705 2976 872 3034 ἀνευθύνους
890 2969 959 3027 εἶναι
974 2979 1019 3026 καὶ
1034 2980 1147 3043 ποιητὰς
1156 2979 1203 3028 καὶ

185 3078 260 3127 eoque
276 3063 350 3126 magis
365 3061 502 3125 sufficiunt,
525 3064 581 3128 quis
597 3080 673 3112 oenoe
705 3065 839 3132 γραφέας.
862 3074 934 3129 utque
959 3065 984 3112 in
1002 3065 1098 3112 Horatio
1115 3065 1202 3111 ferrem

184 3151 279 3213 speeies
286 3150 358 3212 istae,
370 3166 422 3197 eum
430 3165 560 3215 aegrorum
571 3153 676 3198 smnoiis
707 3152 840 3215 quidlibet,
850 3152 896 3198 nisi
904 3161 1043 3216 sequeretur
1052 3167 1201 3216 responsum,

184 3236 334 3298 coniunctae,
352 3252 426 3283 unum
439 3245 509 3301 utque
523 3235 586 3283 idem
600 3233 674 3300 paene
707 3253 730 3284 ss
741 3247 765 3284 et
776 3236 831 3284 dare
845 3246 870 3284 et
883 3246 964 3303 petere
972 3238 1076 3284 vicissim
1088 3236 1149 3284 hano
1161 3253 1202 3284 ve-

185 3321 327 3386 significant.
349 3320 436 3369 Seneca
449 3320 478 3368 de
492 3321 567 3369 Const.
579 3321 676 3386 Sapien-
707 3323 786 3370 niam:
805 3340 868 3371 nunc
885 3341 927 3389 pro
943 3323 1092 3388 Qtllttlsss‘r
1107 3324 1201 3370 omnino

185 3408 217 3455 tis
237 3407 278 3456 XI.
308 3408 370 3468 Illa,
394 3407 514 3471 quidquid
536 3407 676 3454 huiuamodi
707 3405 855 3456 scribendum
867 3409 946 3458 iudico
959 3411 1087 3460 scrutur.
1104 3411 1201 3474 Elegan-

186 3500 238 3554 ost,
267 3493 436 3554 tromourrit,
461 3499 491 3539 ut
518 3508 594 3539 mnus
618 3508 679 3539 soon·
711 3503 748 3541 ter
756 3494 920 3542 seilicetdicit
933 3498 967 3560 is,
982 3499 1025 3563 qui
1036 3497 1157 3544 Horatium
1165 3513 1203 3543 re-

185 3580 282 3627 nimum
298 3581 392 3644 speeies
403 3581 518 3642 meusque
530 3587 676 3641 nocturnos,
709 3558 782 3628 sutst.
798 3580 843 3628 Gur
859 3581 931 3629 talem
939 3584 1038 3631 formam
1050 3583 1108 3632 adso
1122 3599 1201 3648 repro·

187 3666 254 3712 nibil
267 3667 382 3714 babentes
396 3666 485 3727 solidi,
501 3680 576 3728 neque
591 3666 653 3713 veri.
707 3665 810 3717 bondis?
831 3669 907 3717 Poetis
924 3686 1009 3735 nempe
1031 3679 1055 3717 et
1071 3668 1202 3733 pistoribus

220 3751 362 3799 Pictomlnss
382 3760 455 3815 utque
470 3752 555 3816 poetis
579 3751 677 3809 Quidli-
709 3770 800 3819 semper
816 3754 908 3820 aliquid
923 3755 1009 3804 audere
1026 3756 1103 3803 licuit.
1120 3756 1200 3805 Aude-

188 3837 228 3884 bet
242 3839 348 3887 audendi
370 3853 464 3902 semper
474 3837 535 3897 suit
550 3852 627 3900 aequa
634 3852 679 3900 po·
710 3854 737 3886 ro
760 3841 810 3887 sine
832 3839 912 3888 addito
933 3839 1079 3890 substantivo
1097 3845 1200 3909 exquisi-

130 3989 133 3995 .
189 3930 276 3972 testas.
303 3924 430 3982 Quidlibet
441 3940 488 3972 non
498 3941 579 3972 verum
593 3934 636 3973 est.
653 3925 679 3973 si
710 3934 761 3990 tum
786 3934 828 3972 est.
858 3924 941 3988 virgil.
963 3925 1059 3977 Aeneid.
1083 3929 1117 3990 X,
1141 3931 1198 3978 284.

187 4020 292 4077 potestas
305 4020 338 4059 est
346 4013 467 4073 quidlibet
473 4011 589 4073 audendi,
607 4013 677 4060 etiam
710 4010 834 4060 Audentes
841 4009 949 4069 sortitos
958 4012 1038 4063 iuvet.
1053 4015 1151 4078 Quintil.
1162 4015 1200 4062 ln-

190 4109 226 4148 est
250 4096 305 4147 talis
321 4097 412 4146 formae
425 4098 565 4164 fingendae,
586 4099 679 4171 qualem
711 4097 762 4146 stit.
788 4095 968 4160 orat.vr11,3.
994 4079 1129 4148 audendum
1153 4101 1202 4147 itu-
