2752 4844
201 399 258 457 162
461 397 671 458 HORATII
703 398 948 457 nalstota

277 531 284 566 Ι

229 599 293 688 Ut,
316 590 522 692 mala‘qucm
542 597 668 668 scabies
685 604 746 666 aut
762 596 901 668 morbus
919 599 1030 691 regius
1048 605 1187 693 urguet,

228 715 299 786 Aut
321 717 483 787 fanaticus
507 708 601 786 error
624 725 658 785 et
681 715 841 785 iracunda
865 717 988 807 Diana,

229 835 394 904 Vesanum
422 836 565 928 tetigisse
589 834 708 902 timont
732 832 936 926 fugiuntque
960 842 1114 928 poetam,

228 952 294 1040 Qui
313 954 466 1047 sapiunt3
489 952 616 1045 agitant
635 951 733 1044 puori
751 952 945 1044 incautique
966 960 1167 1046 sequuntur.
1188 1043 1192 1051 Ι

229 1175 275 1236 Ut,
293 1177 361 1222 acala
375 1188 445 1237 qaaere
459 1174 554 1220 scabies
569 1179 615 1219 aut
629 1187 692 1219 mor·
723 1170 807 1220 bitror.
832 1172 943 1238 Agitant
965 1173 1036 1239 longe
1057 1171 1224 1224 vehementius

191 1261 237 1307 'ora
250 1261 337 1324 regius
343 1266 441 1324 urgrrat.
451 1259 527 1320 Quum
536 1259 641 1322 proxime
651 1273 691 1304 au-
724 1267 759 1305 est
775 1274 846 1323 quam
858 1265 1001 1321 sequantur.
1018 1261 1046 1307 llt
1058 1261 1102 1325 qui
1112 1261 1224 1309 insanum

192 1344 288 1393 recedat
300 1347 330 1392 ira
345 1345 411 1392 mala
425 1344 548 1404 datiana,
562 1343 630 1407 sequi
643 1359 690 1390 non
721 1344 822 1407 agitat,
837 1344 872 1406 is,
888 1345 915 1393 ni
927 1355 1053 1410 sequatur,
1070 1347 1161 1411 agitare
1173 1362 1224 1395 non

192 1429 264 1478 debet
280 1437 311 1477 ut
325 1432 391 1477 cralo
406 1445 475 1493 pacm
490 1429 592 1476 scabies.
618 1428 690 1476 Hora·
722 1438 809 1492 potest.
829 1429 911 1494 Cogita
925 1430 1029 1480 Orestem
1044 1449 1059 1480 a
1074 1432 1150 1481 Furiis
1164 1433 1225 1498 agi-

192 1517 241 1564 tius
254 1524 344 1564 tantam
360 1515 530 1580 negligentiam
543 1513 690 1563 committere
724 1520 813 1563 tatum.
827 1514 899 1562 Nemo
910 1513 1011 1564 diceret:
1023 1517 1106 1566 Furiae
1116 1517 1224 1566 Orestem

191 1618 239 1649 non
267 1602 355 1666 potnit.
387 1601 414 1648 la
435 1608 531 1664 promtu
552 1607 619 1647 erant
642 1598 691 1646 alia
722 1600 1018 1663 agitantctsequuntar.
1035 1601 1224 1652 Ciceroinler·

191 1685 376 1752 epitheta‚v.c.
391 1686 422 1733 Ut
426 1684 488 1745 fera
500 1699 569 1748 quem
582 1686 688 1746 scabies,
720 1701 771 1732 rem
790 1685 886 1745 1t‚oo.
913 1688 1091 1737 Theomnastus
1103 1689 1222 1753 qnidam,

190 1773 264 1821 sicuti
283 1771 363 1819 Celsus
383 1771 488 1819 scabiem
496 1770 583 1830 saram
604 1785 690 1817 memo-
722 1770 790 1817 horso
804 1770 910 1818 ridicule
925 1773 1043 1836 insanus,
1060 1789 1129 1837 qum
1145 1776 1224 1838 Syra-

189 1866 228 1906 rat
237 1893 244 1919 ‚
254 1857 369 1906 etGraeci
378 1856 501 1922 appellant
509 1853 691 1922 dypmnbera,
722 1856 811 1902 mani
824 1857 984 1904 H'laeoractum
998 1867 1099 1907 vocam:
1107 1862 1152 1924 qai
1162 1862 1224 1910 t'llt'c

188 1959 250 2009 quac
272 1944 377 2008 mitigari
396 1958 443 1989 non
460 1949 565 2005 possunt.
587 1938 633 1986 Sed
648 1955 687 1986 su·
719 1940 840 1988 eiusmodi
855 1948 906 2003 cst,
925 1949 956 1990 ut
971 1958 1025 1991 cum
1035 1947 1113 2008 pueri
1127 1953 1223 1994 soctan·

94 2060 98 2067 ·
187 2037 301 2092 perorant
322 2027 412 2075 multae
433 2026 495 2074 aliae
517 2026 621 2073 rationes
635 2040 688 2072 ver-
720 2032 777 2073 aar:
792 2032 822 2072 ut
838 2042 931 2090 omnes,
947 2045 1002 2076 aran
1017 2031 1085 2094 loqui
1095 2033 1221 2096 coeperit,

186 2128 227 2161 sne
242 2114 292 2160 siue
309 2110 388 2160 odiosa
403 2111 548 2177 repetitione
564 2108 687 2158 absolven-
718 2111 854 2160 irrideant.
879 2112 923 2160 Hic
944 2113 1022 2162 Cicero
1039 2131 1159 2181 nunquam
1176 2134 1223 2182 po-

185 2196 219 2248 di.
244 2196 351 2248 librario
367 2195 449 2245 deberi
465 2205 538 2262 puto,
560 2195 641 2243 oeulos
656 2196 684 2243 li·
716 2197 801 2244 suisset
824 2199 929 2261 agitant
949 2207 976 2247 et
996 2208 1135 2251 sectentur:
1159 2205 1222 2268 qnia

184 2284 253 2348 genti
268 2285 295 2332 in
310 2299 404 2332 versum
417 2281 612 2347 praecedentem,
629 2280 686 2329 dum
718 2289 844 2330 sectantur
859 2293 945 2332 natura
960 2287 1026 2351 prius
1043 2297 1086 2336 est.
1109 2288 1221 2339 Alterum

87 2384 91 2392 “
185 2369 288 2418 scribere
303 2371 443 2434 incepturus
459 2366 595 2416 erathnnc.
611 2365 688 2414 Semel
720 2376 801 2415 utrum
829 2368 929 2417 verbnm
951 2371 1047 2422 sufficit.
1075 2372 1102 2421 si
1125 2373 1220 2426 duobus

186 2464 268 2503 antem
288 2455 403 2518 scriptum
430 2454 496 2499 mala
517 2453 611 2499 scabies
639 2467 686 2500 uon
718 2461 804 2514 utare,
834 2453 962 2504 servandus
986 2467 1022 2505 est
1046 2459 1140 2509 climax.
1172 2462 1219 2511 Pro

184 2538 323 2601 delebatur,
340 2554 371 2586 ne
386 2537 433 2586 HS.
450 2536 531 2584 lituris
547 2537 683 2601 inquinare·
715 2536 1019 2602 murmurationum
1032 2545 1151 2610 scripsisse
1160 2563 1218 2596 con·

180 2634 234 2673 tur.
259 2624 370 2695 Horatius
392 2619 495 2670 scribere
516 2622 609 2686 potnit:
637 2621 683 2684 Ut,
715 2623 771 2671 iieio
794 2623 994 2690 waimerum.
1015 2629 1128 2694 Agitant
1139 2634 1219 2696 poert

184 2724 254 2772 qaam
275 2710 334 2757 olim
353 2708 449 2756 scabies
468 2714 514 2754 aut
534 2708 630 2755 morbae
645 2723 684 2755 re-
714 2708 880 2773 r'naaptaoqae
895 2721 1038 2776 sequuntur.
1056 2715 1177 2782 Quidquid
1190 2719 1218 2768 in

178 2796 242 2860 gius
254 2800 353 2860 urgeret.
362 2793 431 2842 oum
440 2802 465 2841 et
476 2792 686 2857 Hilalpraeterea
717 2792 815 2858 publico
836 2797 981 2861 conspicitur
998 2801 1085 2850 mirm
1101 2811 1126 2850 et
1140 2803 1219 2853 inusi-

180 2879 271 2929 habent
294 2878 384 2940 similes
399 2878 524 2927 literarum
541 2876 640 2940 ductus,
663 2878 684 2926 si
716 2886 807 2942 tatum,
823 2878 868 2930 hoc
885 2883 977 2933 curiosa
988 2901 1037 2935 non
1050 2895 1143 2936 tanturn
1156 2905 1219 2955 pue·

180 2976 327 3031 transponas.
350 2965 399 3012 Hoc
415 2962 564 3029 corruptelae
581 2964 683 3010 occasio-
713 2980 793 3013 rorum
809 2966 986 3033 petulantium,
1000 2970 1042 3019 scd
1056 2973 1128 3021 etiam
1144 2991 1218 3041 saepe

179 3068 235 3100 nem
251 3051 326 3116 magis
339 3059 445 3115 paratam
461 3047 516 3097 dare
532 3046 601 3097 solet.
616 3046 681 3096 Illud
712 3049 814 3099 aliorum
829 3053 984 3120 inprimisque
997 3056 1124 3107 mulierum
1135 3059 1218 3110 studia

180 3139 239 3186 olim
255 3136 358 3184 solemne
373 3145 408 3184 est
420 3133 559 3182 adverbium
574 3135 600 3182 in
618 3149 680 3181 com-
711 3145 848 3186 commovet.
868 3137 978 3188 Horatius
993 3152 1057 3191 amat
1073 3143 1216 3195 adumbrare

179 3221 351 3288 paratioribus.
384 3219 450 3268 Nihil
480 3220 629 3286 frequentius
652 3219 678 3268 in
710 3221 844 3286 Virgilium.
865 3223 977 3290 Virgilius
992 3228 1140 3292 leneidss,
1154 3233 1216 3281 2³8.

176 3306 285 3373 ⁷Virgilio.
302 3309 339 3356 lta
353 3304 451 3355 ieneid.
465 3305 530 3367 un,
543 3307 600 3354 391.
621 3305 678 3354 Non
711 3306 790 3354 Pueri
796 3309 888 3356 droam
895 3311 1061 3378 innuptaeque
1064 3317 1217 3379 puellaeSa-

177 3408 248 3442 sectas
262 3399 336 3455 atque
351 3393 423 3454 clim,
441 3392 539 3438 tonitru
551 3390 624 3454 qaam
640 3406 682 3439 ra·
713 3406 756 3438 era
768 3401 874 3456 canant,
880 3396 1016 3462 funemque
1026 3416 1102 3450 manu
1118 3404 1217 3451 amrin-

173 3486 223 3545 pta
235 3493 334 3528 comeso
345 3480 423 3544 Ignea
436 3477 503 3524 rimo
515 3477 611 3524 micans
622 3491 680 3540 per·
708 3492 770 3541 gere
779 3480 899 3543 gandam.
912 3482 993 3534 Horat.
1002 3484 1075 3535 Serm.
1085 3486 1109 3548 1,
1120 3499 1159 3549 rr,
1170 3488 1217 3539 88.

175 3566 260 3615 sumt
283 3565 376 3613 lumine
394 3564 497 3611 nimbos.
526 3561 565 3611 Ibi
584 3561 679 3610 Servius
710 3563 1002 3630 thaodcunqucsemal
1016 3572 1113 3620 chartis
1128 3573 1216 3622 illeve-

175 3652 313 3700 annotarit:
331 3651 406 3712 Fare,
423 3655 454 3696 ut
468 3649 539 3696 solat.
710 3650 764 3712 rit,
773 3654 987 3703 amneeGasta'ata
993 3656 1216 3718 sumoredaeantes

216 3737 327 3802 Agitant
356 3736 434 3799 pueri
461 3732 606 3794 amentique
640 3747 677 3779 ee-
708 3736 772 3782 scire
796 3738 896 3800 lacuque
916 3741 955 3787 Et
970 3757 1063 3805 pucros
1088 3751 1114 3792 at
1140 3760 1214 3794 anae.

176 3831 294 3888 pacatur.
308 3822 411 3871 Inaautt'
422 3836 469 3867 non
481 3827 537 3867 sunt
550 3817 592 3866 alii
602 3833 673 3883 quam
705 3819 806 3870 Pulchre
819 3833 899 3871 antem
913 3834 938 3873 et
953 3842 1008 3874 vere
1020 3830 1111 3892 pueris
1126 3828 1215 3880 tribui·

176 3907 248 3957 iidem
254 3908 339 3972 paeri.
348 3908 407 3971 Etgo
420 3905 520 3952 incauti
530 3912 674 3968 sequnntur,
707 3914 747 3953 tur
759 3908 874 3972 agitare,
891 3911 1047 3962 ferocioribus
1055 3916 1157 3980 ‹suippe3
1172 3917 1213 3963 in·

176 4009 219 4056 pro
234 3994 335 4041 incaute
349 4000 490 4058 sequnntur.
509 3989 555 4038 Sed
571 3990 675 4054 agitem
705 3992 794 4056 nuptis
809 3999 991 4060 contraierant,
1006 4001 1063 4064 quia
1076 4009 1132 4048 sunt
1148 4001 1213 4050 timi-

176 4087 201 4126 ct
217 4085 353 4141 sequantur
367 4092 415 4125 non
431 4075 491 4124 bene
509 4076 622 4140 coniungi
636 4091 674 4122 ar-
707 4074 793 4127 diores.
853 4140 856 4147 Ι
