2752 4844
529 398 589 458 AD
620 397 837 458 Pisonen.
1129 398 1186 459 147

202 598 257 688 Et,
282 599 374 693 quod
397 623 467 670 non
491 599 608 687 didici,
634 621 712 668 sane
731 599 875 691 nescire,
903 598 1010 670 fateri.

202 717 248 786 Ut
268 741 408 812 praeco,
431 717 474 787 ad
494 740 620 789 merces
640 715 776 786 turham
794 716 853 810 qui
874 718 964 810 cogit
984 717 1157 808 emendas,

202 834 439 907 Adsentatores
459 834 554 908 iubet
573 835 615 905 ad
640 835 774 906 lucrum
799 836 846 904 ire
870 842 987 929 poeta,
1089 829 1094 846 '

207 953 306 1024 Dives
329 956 416 1048 agris
439 954 530 1024 dives
546 955 662 1048 positis
684 955 718 1022 in
743 953 1056 1024 foenorenummis.

203 1070 238 1141 Si
260 1095 337 1142 vero
361 1080 428 1162 est,
454 1081 596 1142 unctum
617 1071 676 1166 qui
699 1079 787 1142 recte
806 1094 933 1168 ponere
957 1073 1080 1167 possit,

204 1188 245 1258 Et
267 1189 431 1286 spondere
448 1178 512 1261 leri
538 1213 601 1285 pro
624 1213 792 1286 paupere,
818 1197 852 1260 et
874 1191 1002 1285 eripere
1023 1190 1103 1261 atris

202 1306 332 1380 Litihus
351 1309 573 1406 implicitum,
595 1308 761 1400 mirabor,
786 1310 813 1378 si
837 1309 919 1380 sciet
941 1310 1064 1380 tmen·

170 1593 320 1643 venientibus
335 1597 398 1643 ossa!
420 1595 524 1641 Maturo
535 1601 665 1658 poernota,
699 1596 767 1644 sceti
782 1594 830 1642 Hoc
840 1605 876 1643 est
882 1594 984 1643 bominis
994 1591 1094 1642 modesti
1106 1602 1131 1640 et
1139 1608 1195 1659 pru·

171 1690 199 1728 ut
206 1680 279 1745 Epist.
288 1679 344 1743 11,1,
351 1680 390 1728 15.
408 1670 542 1726 Praesenti
552 1680 602 1727 tibi
613 1694 664 1726 mu·
696 1678 790 1742 dentis,
807 1679 885 1745 qualia
902 1689 952 1727 erat
967 1679 1059 1728 Crassus
1074 1676 1138 1743 apud
1159 1678 1195 1726 Gi·

171 1773 240 1813 turos
261 1766 385 1830 largimur
400 1764 512 1827 horrores,
532 1765 666 1812 Iurardus·
699 1781 806 1813 neronem
819 1765 849 1813 de
856 1765 950 1813 Oratore
961 1764 997 1828 ΙΙ,
1006 1768 1052 1826 22,
1066 1765 1196 1828 quipertes

171 1867 216 1916 qua
232 1859 302 1899 mmm
309 1866 358 1914 per
373 1865 457 1898 amaea
467 1851 585 1914 ponimus
600 1865 667 1899 aras.
700 1849 838 1916 disputandi
850 1849 995 1917 suscipiebat
1007 1850 1196 1912 reconditione,

172 1936 237 1986 Alios
248 1938 347 1985 facimus
356 1937 425 1984 Divos
438 1945 491 2002 post
501 1945 613 1998 mortem,
625 1935 672 1984 tibi
703 1937 761 1984 deam
772 1938 827 2001 ipsi
840 1939 927 1986 liceret
942 1951 1031 2002 negare
1034 1950 1120 1999 posse,
1137 1935 1200 1998 quod

172 2025 219 2072 iam
235 2040 311 2086 nune,
328 2025 430 2086 viventi,
447 2032 538 2070 mature
554 2020 613 2071 adeo
627 2021 669 2070 hos
700 2038 749 2071 raon
759 2031 858 2087 posset,
875 2032 902 2072 et
911 2023 999 2085 fateri
1010 2023 1119 2084 eosdm,
1136 2021 1200 2084 quod

171 2107 271 2158 honores
286 2108 408 2175 largimur.
701 2110 817 2158 oesdret.
842 2110 867 2157 Si
885 2119 978 2174 praeter
994 2107 1054 2156 hano
1071 2107 1199 2156 difficulte-

205 2194 255 2256 Er,
273 2195 334 2257 quod
348 2209 396 2240 ron
411 2193 505 2254 didici,
521 2207 579 2239 sono
592 2194 671 2240 nerei·
703 2202 751 2240 tem
775 2194 852 2258 cogito
877 2192 1014 2241 adverbium
1037 2207 1109 2254 sane,
1134 2191 1198 2258 quod

173 2288 202 2328 r'e
210 2314 218 2342 ,
224 2279 317 2339 soteri.
326 2277 474 2342 lneptnsille
483 2286 567 2341 poeta,
578 2277 620 2342 qui
628 2275 670 2325 ba·
701 2278 742 2326 viu
758 2276 818 2326 bene
841 2277 956 2343 explicari
971 2285 1066 2342 potest,
1084 2283 1108 2324 et
1120 2278 1200 2325 versui

172 2363 215 2413 bet
243 2363 307 2412 hune
330 2361 518 2411 molestissimum
545 2360 668 2424 morbum,
703 2371 795 2410 tantum
818 2362 938 2429 implendo
959 2361 1067 2411 additum
1089 2361 1198 2424 videtur,

172 2449 291 2500 scribendi
306 2446 442 2509 cacoethes,
463 2462 584 2512 nunquam
602 2456 669 2494 tanto
703 2456 780 2495 totum
795 2463 888 2496 versum
905 2447 1001 2495 Horatio
1018 2446 1143 2513 indignum
1163 2448 1202 2496 iu·

172 2536 222 2585 fuit
237 2534 339 2597 iudicio,
352 2543 382 2581 ut
397 2534 509 2595 senserit,
526 2548 552 2579 se
564 2533 668 2595 nescire,
702 2531 771 2595 dico,
788 2534 870 2581 fictum
884 2549 913 2581 ex
927 2549 962 2583 vs.
976 2535 1009 2581 88
1025 2532 1097 2582 buius
1110 2534 1200 2599 Episto-

173 2620 235 2687 quod
249 2638 297 2669 non
313 2619 431 2669 didicerit.
454 2618 499 2687 Qui
512 2618 599 2679 sensit,
617 2627 669 2681 post
701 2616 755 2665 lae:
778 2619 927 2682 Descriptus
947 2633 1045 2667 servare
1065 2619 1132 2666 vires
1148 2634 1200 2683 ope-

173 2707 260 2773 primos
276 2715 372 2754 conatus
387 2705 468 2751 statim
485 2702 569 2765 desiit,
591 2718 668 2768 neque
701 2717 801 2764 raraque
824 2704 914 2750 coloreo
935 2703 986 2750 Gur
1006 2718 1049 2768 ego
1065 2705 1091 2751 si
1111 2719 1200 2766 ooqrreo

173 2808 232 2857 opus
248 2801 283 2839 est
299 2791 371 2838 fateri
385 2805 410 2837 se
426 2789 524 2836 nescire.
546 2786 625 2834 Cicero
641 2786 671 2835 ad
703 2788 849 2852 ignoroque,
863 2788 941 2834 Poeta
957 2784 1079 2847 solutor?¹
1093 2787 1144 2835 Cur
1158 2803 1200 2836 ne·

172 2878 277 2924 Atticum
287 2876 350 2936 xit,
359 2877 399 2923 20.
416 2873 529 2935 Aeripea
541 2886 579 2918 me
595 2871 668 2920 καθ·
701 2875 782 2935 seire,
799 2873 896 2937 podem
906 2887 1000 2936 pram,
1020 2887 1091 2935 qaam
1104 2872 1200 2921 discere

174 2961 262 3011 ολικὸν
279 2959 412 3025 θεώρημα
428 2972 511 3005 eorum
527 2971 623 3018 rerum,
641 2958 671 3004 a'n
702 2955 787 3006 molo?
809 2956 853 3006 ubi
869 2957 941 3016 dicit,
967 2955 1025 3023 quid
1040 2959 1090 3023 ipse
1107 2958 1132 3005 in
1154 2957 1199 3007 tali

174 3049 261 3113 naribus
277 3047 344 3095 eatis
359 3044 493 3093 exercitata·
504 3058 595 3090 sumus.
621 3042 671 3090 Ne·
703 3059 782 3092 caussa
799 3054 860 3092 esset
872 3045 993 3106 facturus,
1019 3053 1043 3091 et
1056 3044 1150 3092 Pisones
1170 3053 1199 3092 ut

172 3150 211 3182 mo
226 3148 332 3195 unquam
345 3144 421 3193 reque
430 3136 519 3192 poeta,
533 3142 607 3191 nequeo
616 3142 668 3176 ora-
700 3126 762 3176 idem
780 3130 900 3192 facerent,
918 3128 1043 3192 hortatur,
1059 3140 1091 3177 ne'
1105 3130 1197 3178 scilicet

174 3227 214 3268 tor
220 3220 296 3281 suit,
313 3218 359 3281 qui
373 3229 513 3279 quemquam
527 3215 665 3276 moliorem,
702 3213 762 3261 salso
778 3212 867 3279 pudore
884 3213 998 3263 deterreri
1013 3231 1038 3263 se
1060 3225 1199 3280 paterentur

173 3321 243 3370 queam
267 3319 293 3353 ee
309 3304 484 3351 arbitraretur.
518 3300 668 3347 Henetiam
700 3298 798 3347 erebus
810 3299 940 3362 discendis,
958 3316 1015 3366 quas
1028 3301 1172 3366 ignorarent.

173 3389 390 3454 meliorantiogrt.
399 3384 464 3434 Idem
473 3383 566 3433 Tuscul.
575 3385 669 3448 Quaest.
736 3385 774 3433 Et
786 3386 901 3448 spendor
915 3387 965 3434 leui
976 3402 1024 3451 pro
1034 3400 1155 3451 paupere,
1174 3394 1200 3434 ot

172 3475 208 3538 t,
224 3480 263 3524 22.
297 3476 330 3524 In
345 3475 387 3522 boo
406 3473 472 3519 enim
484 3485 574 3535 genere
589 3472 671 3518 neseio
702 3471 797 3533 eripere
820 3473 888 3518 atris
913 3472 1015 3520 ditibus
1037 3473 1197 3536 implicitum.

175 3575 219 3623 quo
238 3569 312 3624 paeto
327 3559 423 3624 magis,
447 3571 519 3620 qurum
539 3556 569 3602 in
592 3556 671 3618 aliie,
704 3555 859 3604 Levisbomo
876 3556 977 3621 dicitur,
991 3559 1016 3605 in
1029 3557 1151 3624 quonulla
1164 3567 1200 3605 est
1245 3583 1247 3586 >

175 3661 245 3693 marm
266 3648 351 3709 cuique
363 3645 493 3709 pulchrum
508 3648 554 3688 est.
588 3641 673 3689 Adbuc
705 3645 853 3705 constantia,
869 3643 936 3693 nulla
957 3642 1127 3710 aequabiliter,
1152 3660 1200 3691 mo·
1256 3702 1264 3715 Ι

176 3733 295 3778 neminem
314 3731 414 3794 cognovi
432 3736 544 3792 poetam,
561 3728 606 3791 qui
621 3727 673 3774 siti
703 3726 772 3791 bilis,
789 3729 900 3793 vitiosus,
923 3730 1042 3779 scelestus.
1059 3730 1108 3777 Hoc
1123 3745 1199 3795 neque

176 3832 224 3864 non
232 3818 338 3880 optimos
347 3815 482 3862 videretur.
496 3810 614 3876 Quomodo
623 3814 670 3860 iam
702 3824 844 3879 perpetuum
867 3825 902 3862 est
925 3817 1036 3880 pauperia
1057 3813 1198 3879 epitheton,

177 3902 276 3968 aliquis,
293 3901 337 3966 qui
352 3909 422 3964 putat
439 3915 463 3946 ae
485 3907 560 3945 artem
582 3898 670 3962 optime
703 3915 746 3946 neo
770 3914 812 3964 pro
829 3898 874 3946 tali
895 3897 959 3946 dives
975 3915 1078 3965 unquam
1101 3899 1200 3965 sponde·

177 3987 330 4054 intelligere,
352 3984 410 4033 adeo
434 3995 462 4031 ut
477 3985 524 4031 iam
539 3982 673 4032 adolescens
704 3994 755 4046 ret,
769 3985 848 4048 potius
856 4000 898 4048 pro
907 3985 1005 4032 bonerto
1010 3999 1132 4049 paupere,
1146 4001 1199 4054 ron·

178 4072 277 4136 scribat,
289 4087 355 4120 suam
369 4071 427 4119 artis
440 4069 675 4134 ignorantiamagno·
708 4078 780 4116 temto
802 4066 845 4115 illo
866 4067 962 4134 quidem
979 4079 1003 4117 et
1019 4068 1133 4134 ignobili,
1154 4085 1202 4119 non
