2752 4844
510 395 571 457 ΑΙ)
601 397 819 458 PISONES.
856 396 892 459 ‚⁴
1115 389 1172 452 13³

184 595 292 683 Quem
314 598 365 668 bis
390 607 482 669 terve
505 598 633 669 bonum
657 623 738 669 oum
757 600 827 669 risu
843 596 963 684 minor3·
984 601 1018 666 et
1038 594 1133 666 idem,

183 714 360 811 Indignor,
386 717 590 814 quandoque
614 717 726 788 bonus
749 717 908 792 dormitat
926 715 1112 786 Homerus:
1134 751 1138 760 ·

151 982 255 1033 eiusdem
273 988 380 1035 meminit
395 964 466 1054 Epist.
488 991 524 1052 11,
546 1003 570 1051 1,
586 991 644 1040 232.
677 989 808 1038 sententia:
820 977 1173 1053 Quisqueutospotimurruo·

151 1071 245 1117 Gratus
256 1071 396 1122 Alexandro
410 1076 504 1141 Magno
521 1077 579 1140 rogi
586 1077 647 1136 suit
677 1091 735 1138 ues,
749 1075 854 1140 exposui.
872 1075 909 1122 Ita
922 1090 951 1122 er
963 1071 1008 1120 hae
1020 1072 1070 1120 sola
1082 1073 1178 1123 Horatii.

149 1155 194 1201 e'lle
216 1155 357 1220 Otoeutus,
381 1149 488 1208 iruulte'e
508 1163 552 1223 qui
567 1163 645 1209 uerri·
676 1160 779 1227 Epistola
795 1158 825 1208 ad
838 1159 931 1207 Pisones
944 1167 992 1207 tres
1005 1167 1107 1224 quatuor
1119 1175 1174 1223 per-

149 1241 193 1288 dua
204 1248 231 1288 et
243 1244 305 1290 molo
320 1245 391 1292 uotis
407 1247 508 1295 oetaeo
523 1254 645 1311 oooeptoe,
677 1264 755 1296 versas
770 1245 930 1312 procuderant
945 1244 1068 1308 nonnulli,
1086 1259 1172 1309 eosque

148 1328 371 1392 regoleuome‘uuo,
388 1332 525 1396 Pttteppoe.
543 1331 588 1380 Ubi
595 1350 643 1381 ma·
675 1333 860 1382 alii'osciunter
873 1332 949 1380 secuti
961 1339 1025 1379 sunt.
1039 1330 1171 1379 l'aroemiae

147 1410 191 1460 lim
209 1420 302 1477 gratus
321 1415 460 1465 Aleuuudro
480 1412 573 1484 Magno
587 1420 645 1484 regi
675 1417 794 1468 habentur
810 1434 833 1467 v.
848 1434 872 1466 o.
891 1417 979 1465 chorda
1000 1416 1178 1482 temperator*

138 1496 255 1557 suetiae·
268 1500 407 1552 Clrmrilue„
446 1539 449 1545 .
674 1513 718 1553 rot
733 1505 829 1554 eodem
847 1504 944 1552 vudum
959 1503 1029 1550 verbo
1044 1501 1128 1550 reddit
1134 1503 1176 1562 st*

145 1609 148 1613 ¹
180 1585 256 1643 Quem
277 1587 317 1634 die
333 1593 400 1635 terve
423 1589 507 1638 bouum
519 1606 574 1639 oum
586 1592 643 1640 tutu
673 1592 720 1640 duo
731 1593 872 1654 interpres:
883 1599 909 1638 et
919 1589 1027 1654 inprimis
1039 1586 1079 1635 hie
1092 1587 1171 1649 locus,

145 1671 230 1719 miror.
246 1670 322 1719 Codex
330 1671 430 1737 Regias,
448 1685 472 1722 et
485 1675 562 1739 solas,
579 1675 643 1742 qnod
674 1677 812 1741 quaudoque
825 1665 1179 1734 donusdouut'tutffotuerusp

145 1756 230 1818 seiam,
251 1758 379 1806 rectissime
397 1758 483 1808 hahet:
506 1762 583 1819 Quem
604 1764 642 1812 dis
674 1779 721 1828 quo
737 1761 788 1810 loco
801 1760 924 1824 nonnulli,
941 1768 978 1808 tot
990 1774 1072 1808 versus
1085 1775 1114 1807 ex
1126 1758 1172 1806 Ho-

147 1848 214 1888 teroe
235 1842 320 1890 donum
339 1859 394 1892 eum
417 1847 473 1894 riou
493 1849 584 1911 miror,
617 1856 642 1896 et
673 1849 730 1897 ratii
745 1844 891 1913 Carminibus
910 1835 979 1912 quasi
995 1845 1088 1910 spurios
1102 1860 1117 1892 a
1132 1859 1174 1892 me

145 1927 211 1974 idem
239 1929 374 1994 Iudiguor,
403 1933 541 1997 quaudoque
568 1935 642 1982 donus
674 1932 780 1982 sublatos
795 1931 959 1998 indignantes,
982 1933 1115 1990 eontralme
1131 1929 1178 1977 usi.

145 2013 265 2061 dormitet
280 2016 408 2065 Horremus.
427 2017 484 2066 Nam
500 2020 551 2067 sine
569 2017 641 2068 dubio
673 2029 742 2082 sunt,
760 2017 865 2068 dicentes
878 2015 1018 2080 quaudoque
1030 2017 1104 2064 bouus
1117 2015 1171 2063 dor·

143 2097 188 2149 hoe
208 2098 277 2162 vult,
298 2100 432 2150 Choerilum
453 2120 511 2151 roro
526 2105 639 2170 evigilare
671 2106 749 2153 mitet
760 2105 891 2152 Horatius.
905 2103 954 2150 Hoc
966 2099 1063 2168 quidem
1076 2115 1174 2166 prover·.

144 2193 170 2231 et
190 2183 277 2233 bonum
300 2203 362 2248 esse,
384 2197 465 2236 contra
484 2205 537 2237 raro
553 2188 640 2237 dormi·
670 2188 738 2237 bium
753 2190 784 2236 iis
799 2187 888 2236 dudum
906 2196 956 2235 erat
969 2195 1078 2251 ereptum
1090 2184 1120 2233 ah
1134 2187 1176 2234 iu·-

144 2277 195 2318 tare
205 2270 342 2319 Homerum:
355 2283 411 2337 ‘ergo
424 2271 502 2321 ridere
515 2290 555 2337 se,
566 2274 641 2340 quari-
672 2272 831 2339 terpretibus,
841 2273 884 2338 qui
894 2270 1022 2321 docuerant
1032 2271 1171 2334 qrtoudoque

143 2353 220 2421 doque
232 2355 276 2404 ille
290 2354 365 2405 honus
377 2359 421 2418 sit;
436 2358 556 2425 indignari
568 2376 638 2423 vero,
669 2376 718 2409 non
734 2342 868 2425 signifidare
883 2357 1023 2419 interdum,
1040 2355 1174 2420 aed-quau

142 2439 335 2507 quandocumque
357 2441 398 2492 hio
422 2442 540 2494 dormitat.
565 2446 639 2512 Atqui
671 2445 713 2508 do,
736 2445 944 2509 qaeoudoeuurque5
965 2440 1038 2508 idque
1059 2442 1107 2489 iam
1127 2440 1169 2490 do·

143 2537 167 2575 et
183 2528 244 2577 ratio
260 2536 285 2576 et
300 2545 356 2577 usus
372 2538 396 2577 te
413 2527 514 2578 docebit·
525 2531 575 2578 Bis
590 2537 639 2578 ter·
672 2540 754 2580 ruerat
774 2529 988 2595 praestantissimus
1009 2525 1035 2576 P.
1054 2528 1175 2576 lictorius·

142 2627 201 2677 que,
226 2623 254 2662 nt
280 2618 372 2678 Terque
386 2615 528 2678 'quaterque
549 2632 643 2682 semper
673 2614 864 2666 adColumellam
872 2613 902 2662 de
910 2614 944 2662 Re
952 2613 1130 2676 anamma
1144 2621 1177 2662 ‹rt›

77 2740 80 2745 .
143 2696 231 2747 habere
264 2700 460 2765 significationem
489 2700 639 2750 crebritatis:
672 2701 801 2748 Gronovius
824 2699 856 2748 ad
879 2700 973 2748 Livium
993 2701 1019 2763 1,
1035 2700 1076 2748 24.4
1102 2699 1173 2747 Nune·

140 2785 246 2834 raritatis
255 2795 334 2834 autem
342 2786 390 2857 tiis
399 2793 473 2834 toruo.
483 2785 639 2849 Quamobrem
670 2787 768 2834 sortasse
784 2783 857 2833 iidem
870 2783 1072 2851 indignabuntur,
1089 2784 1110 2832 si
1123 2799 1168 2848 ego

142 2871 235 2918 omnino
259 2868 300 2918 hio
323 2869 466 2934 legendnm,
500 2872 576 2928 Qum
600 2873 639 2920 bie
670 2856 715 2921 hoe
728 2871 833 2934 dietum,
849 2887 892 2936 per
905 2880 942 2919 tot
955 2867 1176 2919 saeculaeelebra·.

142 2961 209 3003 terve
225 2955 317 3003 bouum.
337 2953 393 3002 Vide
410 2972 470 3022 qnae
488 2955 591 3005 diximus
607 2955 638 3006 ad
669 2967 737 3022 tum,
767 2957 887 3023 lippisque
913 2965 938 3005 et
963 2953 1095 3004 tonsorilrus
1119 2957 1167 3004 iam

141 3039 213 3105 Epod.
227 3040 259 3103 V,
273 3041 313 3088 33.
335 3049 406 3106 atque
427 3039 465 3088 his
480 3040 540 3090 adde
558 3042 636 3091 locum
669 3044 805 3110 cognitum,
828 3043 975 3091 mutaverim.
1006 3040 1052 3090 Sed
1073 3040 1175 3091 intu'eru

140 3125 242 3175 Senecae
260 3127 333 3191 Epist.
347 3125 465 3177 LXXXVI.
488 3128 582 3176 Porum
597 3135 637 3177 eet
669 3138 745 3177 totum
762 3129 848 3178 locum.
866 3129 910 3177 Su
925 3129 991 3176 milti
1006 3129 1050 3192 qui
1062 3129 1175 3176 uerutum·

139 3228 234 3262 euurere
251 3220 417 3279 unguentum,
434 3214 465 3261 ui
480 3214 519 3262 bis
531 3215 573 3262 dio
588 3222 638 3263 ter-
668 3217 796 3276 eessotfit
816 3215 957 3276 Choerilus,
974 3215 1019 3262 ute
1037 3214 1113 3273 Quem
1129 3215 1175 3263 bie·

140 3302 638 3365 quereuooetur‚1uoeooueeeotiuoor·
670 3307 737 3349 terve
758 3301 843 3348 bouum
862 3316 917 3349 oum
939 3301 997 3349 ausu
1020 3302 1116 3363 miror,
1141 3308 1168 3350 et

137 3401 213 3450 pore:
239 3383 282 3433 uhi
301 3383 406 3447 indicat,
431 3401 518 3449 saepe,
538 3387 636 3449 erebro,
667 3386 734 3434 idem
757 3387 896 3452 dedignor,
926 3386 1066 3451 mundoque
1093 3387 1174 3434 bueus·

140 3471 278 3537 frequenter
293 3469 409 3519 renovari.
429 3470 588 3521 Braneus,
670 3471 790 3520 dormitat
807 3473 935 3522 Ismarus.
955 3472 1014 3520 Hine
1030 3471 1099 3531 nulla
1115 3487 1174 3520 sem.
1260 3463 1264 3471 ’

172 3558 210 3604 Et
221 3556 287 3605 idem
299 3556 433 3622 Indignor,
448 3557 587 3619 quaudoque
600 3557 637 3604 bo
669 3558 745 3606 tentia
762 3556 824 3607 effici
840 3567 933 3624 potest,
943 3559 990 3606 nisi
1005 3557 1078 3606 haec:
1094 3555 1166 3604 Choe-

140 3657 187 3690 uus
203 3642 323 3690 domim
340 3643 468 3690 Homerus.
491 3641 637 3692 Consuetudo
669 3644 729 3693 rilus
747 3643 881 3707 interdum,
906 3661 958 3693 raro
973 3641 1097 3692 est-honus
1110 3658 1167 3708 poe·
1255 3696 1258 3701 ¹

139 3742 209 3793 saepe
231 3744 261 3776 ex
281 3718 392 3776 veterum'
409 3738 533 3794 poetarum
553 3727 637 3792 dietis,
670 3739 709 3794 ta,
730 3730 843 3780 Homerus
865 3739 906 3780 est
921 3728 998 3777 honus
1013 3726 1169 3793 poetaqvel:

140 3829 249 3880 perverse
274 3815 392 3878 acceptis,
420 3813 545 3880 proverbia
567 3815 635 3865 feeit.
669 3833 722 3864 cum
746 3818 797 3865 risu
820 3817 893 3864 miror
916 3813 1064 3876 Choerilum,
1084 3814 1106 3862 si
1129 3812 1168 3862 bis

140 3898 206 3948 Nihil
224 3898 304 3947 notius
328 3908 363 3946 est
386 3899 540 3948 Terentiano:
563 3900 639 3949 Iquo
671 3912 736 3950 terve
760 3900 849 3948 bonum
873 3899 946 3948 locut
970 3915 1080 3962 versum,
1105 3898 1169 3948 indi-

139 4001 205 4048 rum,
229 3985 332 4032 humaui
352 3985 421 4031 nihil
439 4001 455 4030 u
475 4001 513 4032 me
529 3987 637 4034 alienum
669 4003 740 4052 guor,
757 3987 778 4034 si
793 3984 869 4033 bonus
885 3985 1011 4047 Humerus,
1029 3982 1105 4033 bonus
1121 3986 1171 4034 iste

137 4080 205 4138 puto.
220 4068 281 4136 Quid
294 4068 445 4119 statuendum
458 4072 489 4121 sit
502 4070 531 4120 de
545 4072 638 4139 Virgilii
670 4075 723 4135 vir,
744 4081 812 4121 vetus
827 4071 870 4123 ille
886 4071 936 4120 irae
949 4068 1070 4122 Achilleae
1088 4081 1168 4120 canta·
