2752 4844
184 396 223 456 42
447 399 662 460 IIORATII
693 399 937 459 EPISTOLA

210 596 290 667 Post
309 599 410 668 etiarn
432 599 561 670 inclusa
581 608 632 670 est
656 601 721 670 voti
745 601 905 670 sententia
929 621 1076 693 campos.

176 836 255 868 remns
273 821 473 870 immortalitatem
491 818 611 874 sermoni?
632 825 677 872 Hc·
710 822 817 871 omnibus
839 823 899 871 MSS.
918 823 1050 888 legeretur,
1072 838 1140 869 nemo
1158 837 1205 870 non
1270 881 1275 888 .

176 907 251 954 ratius
260 907 284 953 in
295 909 357 955 omni
370 907 414 956 hac
429 912 601 974 comparatione
612 912 674 975 cogi·
708 909 842 958 emendaret
856 911 996 957 arbitrium.
1009 907 1072 955 illud
1083 896 1206 955 arbitrum

139 989 142 993 ⁷
180 993 239 1039 tevit
252 993 398 1041 Homericum
410 991 596 1063 iilud:0i'cpacp
607 995 677 1054 ait-
710 996 780 1061 plane
803 997 876 1043 otiose
901 996 1004 1059 ponitur.
1029 995 1122 1040 Dictum
1139 1010 1206 1058 opor·

178 1075 228 1126 iore
254 1084 346 1144 years),
370 1075 530 1144 eoipdc'uui
557 1083 672 1147 arctoae.
707 1083 807 1130 tuisset:
824 1075 899 1139 Quem
910 1081 1206 1144 peuesurtitrumetiu·

180 1164 277 1213 uitta
295 1169 329 1213 ιὰ
345 1166 393 1234 μέγ
413 1165 537 1225 τ’ἄιιμος
557 1169 675 1232 χαμάδις
708 1170 786 1215 dicem
804 1175 842 1215 cst
857 1182 941 1214 norma
958 1167 1077 1228 iaqueudi.
1105 1166 1208 1214 Arbiter

178 1251 248 1315 χέει.
269 1250 339 1299 itta
356 1250 387 1297 di
404 1251 432 1300 θ’
447 1251 678 1317 ὕληΤηλεθὸιιισα
711 1261 736 1301 et
751 1255 839 1316 iudea,
862 1255 997 1301 arbitrium
1013 1260 1038 1299 et
1053 1254 1109 1313 ius,
1133 1253 1208 1315 inpri-

178 1337 252 1395 atii.
281 1336 358 1402 ἔαρος
380 1335 407 1384 d‘
427 1338 593 1401 ἐπιγίγνεται
612 1339 673 1406 ὥρη.
708 1341 752 1387 mis
762 1341 796 1388 ita
806 1341 944 1400 coniuncta,
961 1336 1085 1385 differunt.
1105 1337 1149 1383 Pro
1164 1343 1206 1397 et,

178 1417 235 1477 Ὦς
247 1422 353 1487 ἀνδρῶν
366 1428 444 1488 γενεὴ
459 1423 536 1488 ἡμὲν
554 1427 615 1484 φύει
630 1425 677 1491 ἡδ’
711 1429 753 1473 ius
769 1427 795 1474 in
809 1425 890 1472 multis
903 1423 963 1471 MSS.
979 1433 1003 1471 et
1017 1421 1161 1470 editionibus
1173 1421 1208 1468 le-

178 1507 316 1572 ἀπολήγει.
342 1512 427 1558 Saecla
446 1515 677 1561 rnortaiiaestanti-
710 1515 775 1577 gitur
792 1519 818 1559 et
834 1514 880 1558 eis.
898 1512 965 1557 Error
982 1507 1113 1568 scribendi,
1132 1524 1160 1554 ex
1177 1507 1208 1554 si-

177 1609 236 1658 quae
255 1594 403 1657 Latinitatis,
430 1609 534 1646 servatae
552 1599 615 1663 apud
632 1601 677 1646 Lu·
710 1599 762 1645 mili
781 1598 904 1645 literarum
927 1594 1115 1644 concurrentium
1132 1594 1209 1658 figura

165 1681 287 1728 ··eretiurn.
308 1683 419 1747 Exempla
437 1684 552 1733 indicavit
569 1685 678 1750 Forbige-
712 1695 789 1734 natus.

176 1782 216 1813 rus
234 1766 263 1814 ad
282 1769 316 1829 u,
331 1770 386 1815 503.
410 1769 445 1816 ad
461 1771 583 1818 Horatium
602 1773 675 1835 inpri-
743 1772 794 1828 Qua
810 1772 888 1818 scribi
898 1775 1002 1833 possent
1016 1782 1122 1814 numera.
1145 1764 1207 1814 MSS.

178 1853 222 1899 mis
240 1855 360 1916 pertinent
374 1856 408 1916 ΙΙ,
425 1857 463 1904 71.
485 1872 545 1917 quae
561 1857 679 1904 decedunt
711 1855 825 1920 qliaedam
831 1863 931 1919 possent
939 1855 1016 1902 scribi
1023 1851 1150 1917 ,quaedam
1161 1866 1209 1898 me·

177 1955 277 2002 eerpara
294 1939 410 2002 quoique,
428 1942 496 2004 i'ude
513 1944 616 2005 aieuut,
632 1944 678 1988 mi-
713 1949 758 1990 tra.
776 1945 808 1988 Ac
826 1941 854 1988 de
869 1941 1016 2004 transpositis
1029 1937 1151 1985 vocabulis
1164 1936 1209 1984 hae

177 2032 272 2085 nutant,
285 2029 677 2091 qucueuere,uugrniuedeant:
710 2029 796 2074 iternrn
822 2024 947 2074 dicendum
970 2034 1012 2072 est.
1039 2023 1134 2070 Nullum
1158 2023 1208 2069 sere

180 2110 235 2157 Otia
257 2114 393 2173 senescere,
416 2119 444 2158 at
463 2113 520 2159 baec
533 2122 618 2160 contra
629 2115 677 2176 flo-
711 2114 817 2160 invenies
842 2129 951 2173 versum,
977 2108 1020 2157 nbi
1045 2109 1108 2157 salvo
1134 2117 1208 2154 metro

176 2211 270 2244 rescerc
281 2205 378 2260 coguut.
389 2198 440 2244 Nec
454 2207 609 2246 reruarautur
625 2201 677 2247 iti:
710 2200 762 2247 fieri
781 2200 870 2264 possit,
898 2197 977 2245 eodem
997 2196 1067 2261 plane
1084 2193 1209 2242 verborum

177 2285 215 2331 sic
232 2298 313 2330 rerum
330 2299 423 2330 srrmrna
439 2293 544 2332 necatur
563 2287 676 2349 Semper,
710 2285 790 2333 ordine
805 2287 966 2348 compositum.
982 2285 1031 2344 Ita,
1043 2300 1064 2330 v.
1078 2299 1099 2330 e.
1110 2298 1143 2329 vs.
1152 2281 1206 2328 135.

176 2377 202 2416 et
218 2371 287 2415 iuter
303 2385 329 2415 se
343 2371 460 2416 mortales
476 2379 562 2417 rurrtua
580 2373 675 2418 aierent.
711 2370 825 2417 habemus
840 2371 902 2416 atride
911 2371 997 2432 pedem
1008 2369 1120 2431 preferre
1128 2368 1209 2431 pudor

171 2454 315 2517 Augescuut
335 2455 401 2499 etiae
416 2462 519 2517 gentes,
544 2457 609 2500 etiae
628 2456 674 2500 rai·
708 2464 732 2500 et
753 2455 816 2500 unde
836 2454 913 2516 prodor
930 2452 1043 2515 preferre
1054 2453 1149 2515 pedem.
1173 2468 1207 2499 vs.

171 2544 298 2596 uauutur5
315 2540 391 2599 laque
405 2540 473 2585 treci
486 2542 676 2602 spatiornutau-
711 2540 764 2586 138.
788 2539 849 2599 quid
868 2539 970 2602 dignum
995 2544 1064 2584 tanta
1075 2538 1147 2597 fuet
1168 2538 1208 2584 bic

174 2632 218 2671 tur
237 2624 316 2670 suecia
333 2626 495 2672 auirnauturn.
525 2626 551 2671 Et
568 2625 600 2687 V,
618 2627 673 2672 386.
709 2634 733 2671 et
751 2625 812 2686 quid
830 2631 898 2671 tauta
907 2624 980 2685 feret
999 2625 1039 2670 tic
1055 2624 1158 2688 dignum
1176 2649 1187 2657 -

174 2711 292 2757 mortalia
313 2712 394 2757 saecla
421 2712 514 2758 Decicia
536 2712 678 2773 linquebant
710 2710 845 2776 quidforet
857 2713 898 2758 bic
908 2717 977 2757 tanta
986 2711 1096 2775 dignum.
1108 2727 1141 2757 vs.
1153 2711 1207 2758 174.

175 2797 293 2843 lamentis
308 2798 404 2843 termina
419 2798 495 2845 vitae.
708 2799 847 2861 castigator
860 2811 988 2858 censorque
1003 2806 1027 2843 et
1041 2812 1124 2843 censor
1133 2798 1209 2842 casti·

209 2883 292 2930 Multa
306 2890 479 2944 renascentur,
498 2897 558 2945 quae
575 2885 627 2929 iam
641 2899 677 2930 ce·
705 2889 833 2946 gatarque.
852 2899 884 2930 vs.
900 2884 956 2930 228.
972 2885 1053 2946 regati
1068 2889 1209 2945 conspectus

177 2968 265 3016 cidere.
289 2968 388 3030 Quintil,
413 2971 469 3015 lnst.
494 2968 556 3015 Orat.
575 2967 675 3029 tune.
709 2971 739 3015 in
759 2984 819 3015 aura
835 2983 912 3032 nuper
933 2975 958 3015 et
975 2975 1041 3016 astra
1058 2979 1082 3016 et
1098 2971 1127 3015 iu
1144 2975 1209 3015 ostra

179 3055 280 3116 »Atqui
288 3055 471 3115 cilcarctrariunt
486 3055 626 3100 estaitiurn
638 3054 676 3116 id,
710 3069 787 3118 nuper
804 3055 829 3101 'et
844 3070 911 3102 aura.
929 3059 962 3102 ts.
981 3056 1037 3102 231.
1063 3063 1109 3101 aut
1123 3069 1209 3118 operae

178 3139 240 3202 quod
254 3139 320 3201 apud
334 3156 377 3186 uas
394 3140 562 3203 improprium,
581 3136 678 3204 ἄκυρον
711 3140 800 3186 celeris
819 3142 925 3187 nimium
952 3150 976 3187 et
998 3155 1082 3204 operae
1103 3140 1209 3185 nimium

177 3224 244 3288 apud
276 3226 377 3272 Graecos
402 3234 517 3272 cecatur:
538 3252 571 3259 —
595 3226 680 3286 qualia
712 3227 807 3272 ceteris.
831 3241 863 3272 vs.
879 3227 934 3272 313.
957 3241 1003 3287 quo
1019 3227 1056 3272 sit
1070 3239 1151 3284 eruore
1161 3237 1208 3285 pu-

177 3325 241 3357 uuuc
258 3310 391 3357 laederetur
408 3313 423 3357 a‘
442 3311 598 3371 quibusdam,
623 3327 677 3373 qua·
710 3325 779 3371 rcus,
796 3311 934 3372 quafrater
950 3311 1068 3358 arnaudus
1083 3317 1109 3356 et
1125 3311 1209 3372 baspes

178 3411 235 3442 rum
256 3403 294 3442 est
310 3394 339 3442 de
358 3412 425 3442 cruce
446 3394 589 3457 decernere,
611 3395 682 3444 verba
716 3407 740 3443 et
749 3398 837 3457 frater
852 3404 878 3443 et
893 3399 978 3460 hospes
993 3397 1118 3443 euraudus.
1140 3396 1208 3442 Mitto

181 3481 345 3530 ceciderunt.'’
370 3482 473 3529 Fortasse
493 3492 571 3529 tamen
590 3482 682 3545 Quinti-
714 3483 761 3530 alie
774 3482 876 3547 piurima
890 3481 1006 3547 exempla.
1020 3482 1092 3529 Tanta
1108 3482 1210 3528 varietas

180 3567 259 3616 lienus
288 3567 358 3614 aliam
388 3566 455 3614 verbi
485 3567 680 3632 significationem
713 3569 738 3615 in
755 3567 822 3615 nullo
838 3569 885 3616 alio
902 3569 1029 3631 scriptore,
1047 3568 1072 3614 in
1085 3567 1210 3614 nullaHo-
1286 3575 1288 3578 ’

180 3654 304 3718 spectavit.
713 3655 769 3701 retii
781 3654 864 3720 Satyra
878 3653 915 3700 vel
926 3653 1027 3717 Epistola
1037 3653 1132 3701 accidit.
1146 3654 1209 3700 Haec

215 3740 288 3797 Quem
307 3754 383 3802 penes
413 3740 549 3786 arbitrium
571 3749 627 3802 est,
655 3748 681 3788 et
713 3741 823 3787 nimirum
838 3739 940 3804 Epistola
956 3738 985 3786 ed
999 3739 1092 3786 Pisones
1105 3739 1208 3786 omniurn

180 3826 235 3887 ius,
250 3833 276 3872 et
292 3841 375 3872 uuum
389 3825 508 3888 loqrteadi.
531 3826 593 3873 Haec
611 3843 677 3873 nemo
710 3825 832 3886 manibus,
849 3826 874 3872 in
888 3823 974 3872 scholis
986 3839 1093 3891 qnoque,
1117 3824 1209 3874 tereba-

182 3909 320 3958 scllicitavit
334 3910 623 3975 praeterWekefieldunr,
638 3912 680 3975 qui
713 3920 759 3959 tur.
782 3911 841 3958 Hinc
862 3910 937 3958 multa
954 3912 1114 3978 exemplorum
1132 3911 1209 3958 millia

183 3994 328 4060 corrigebat:
345 3998 421 4055 Quem
424 4013 500 4061 peaes
508 3998 631 4044 arbitrum
640 4003 678 4043 cst
710 3995 917 4058 describebantur,
937 4007 974 4059 et,
995 4014 1041 4062 quo
1058 3998 1151 4062 saepius
1167 3994 1207 4042 de·

182 4089 208 4128 et
220 4083 262 4129 ius
278 4089 304 4128 et
320 4097 404 4129 aarum
419 4083 539 4145 loquendi.
555 4082 603 4128 Hoc
619 4081 640 4128 si
653 4081 679 4128 in
710 4081 888 4143 scribebantur,
906 4099 933 4130 eo
949 4082 1029 4148 plures
1045 4098 1134 4131 errores
1149 4082 1208 4128 irre·
