<?xml version="1.0" encoding="UTF-8"?>
<!DOCTYPE html PUBLIC "-//W3C//DTD XHTML 1.0 Transitional//EN"
    "http://www.w3.org/TR/xhtml1/DTD/xhtml1-transitional.dtd">
<html xmlns="http://www.w3.org/1999/xhtml" xml:lang="en" lang="en">
 <head>
  <title>
</title>
<meta http-equiv="Content-Type" content="text/html;charset=utf-8" />
  <meta name='ocr-system' content='tesseract 3.04.00' />
  <meta name='ocr-capabilities' content='ocr_page ocr_carea ocr_par ocr_line ocrx_word'/>
</head>
<body>
  <div class='ocr_page' id='page_1' title='image "./qhoratiiflaccie01horagoog_0139.png"; bbox 0 0 2752 4844; ppageno 0'>
   <div class='ocr_carea' id='block_1_1' title="bbox 194 429 945 496">
    <p class='ocr_par' dir='ltr' id='par_1_1' title="bbox 194 429 945 496">
     <span class='ocr_line' id='line_1_1' title="bbox 194 429 945 496; baseline -0.008 -2"><span class='ocrx_word' id='word_1_1' title='bbox 194 435 252 496; x_wconf 82' lang='lat'><strong>130</strong></span> <span class='ocrx_word' id='word_1_2' title='bbox 455 432 667 495; x_wconf 78' lang='lat' dir='ltr'><strong>llOllATIl</strong></span> <span class='ocrx_word' id='word_1_3' title='bbox 699 429 945 490; x_wconf 71' lang='lat' dir='ltr'><strong>uulstota</strong></span> 
     </span>
    </p>
   </div>
   <div class='ocr_carea' id='block_1_2' title="bbox 218 653 1199 866">
    <p class='ocr_par' dir='ltr' id='par_1_2' title="bbox 218 653 1199 866">
     <span class='ocr_line' id='line_1_2' title="bbox 220 653 1064 748; baseline -0.006 -25"><span class='ocrx_word' id='word_1_4' title='bbox 220 655 311 724; x_wconf 81' lang='lat' dir='ltr'><strong>Ficta</strong></span> <span class='ocrx_word' id='word_1_5' title='bbox 329 654 513 748; x_wconf 81' lang='lat' dir='ltr'><strong>voluptatis</strong></span> <span class='ocrx_word' id='word_1_6' title='bbox 536 675 671 740; x_wconf 81' lang='lat' dir='ltr'><strong>caussa,</strong></span> <span class='ocrx_word' id='word_1_7' title='bbox 697 653 764 720; x_wconf 86' lang='lat' dir='ltr'><strong>sint</strong></span> <span class='ocrx_word' id='word_1_8' title='bbox 782 653 934 745; x_wconf 82' lang='lat' dir='ltr'><strong>proxima</strong></span> <span class='ocrx_word' id='word_1_9' title='bbox 961 653 1064 721; x_wconf 77' lang='lat' dir='ltr'><strong>veris:</strong></span> 
     </span>
     <span class='ocr_line' id='line_1_3' title="bbox 218 766 1199 866; baseline -0.007 -22"><span class='ocrx_word' id='word_1_10' title='bbox 218 773 305 863; x_wconf 86' lang='lat' dir='ltr'><strong>Nec,</strong></span> <span class='ocrx_word' id='word_1_11' title='bbox 334 772 574 866; x_wconf 86' lang='lat' dir='ltr'><strong>quodcumque</strong></span> <span class='ocrx_word' id='word_1_12' title='bbox 596 770 695 861; x_wconf 75' lang='lat' dir='ltr'><strong>velit,</strong></span> <span class='ocrx_word' id='word_1_13' title='bbox 720 776 837 865; x_wconf 76' lang='lat' dir='ltr'><strong>poscat</strong></span> <span class='ocrx_word' id='word_1_14' title='bbox 860 768 924 838; x_wconf 83' lang='lat' dir='ltr'><strong>sibi</strong></span> <span class='ocrx_word' id='word_1_15' title='bbox 948 768 1065 839; x_wconf 82' lang='lat' dir='ltr'><strong>fabula</strong></span> <span class='ocrx_word' id='word_1_16' title='bbox 1087 766 1199 853; x_wconf 69' lang='lat' dir='ltr'><strong>cnidi,</strong></span> 
     </span>
    </p>
   </div>
   <div class='ocr_carea' id='block_1_3' title="bbox 169 1032 1217 3581">
    <p class='ocr_par' dir='ltr' id='par_1_3' title="bbox 170 1032 1217 2384">
     <span class='ocr_line' id='line_1_4' title="bbox 181 1032 1217 1103; baseline -0.001 -18"><span class='ocrx_word' id='word_1_17' title='bbox 181 1032 269 1085; x_wconf 70' lang='lat' dir='ltr'><strong>lenton</strong></span> <span class='ocrx_word' id='word_1_18' title='bbox 296 1037 385 1103; x_wconf 85' lang='lat' dir='ltr'><strong>igitur,</strong></span> <span class='ocrx_word' id='word_1_19' title='bbox 410 1054 441 1085; x_wconf 89' lang='lat' dir='ltr'><strong>ne</strong></span> <span class='ocrx_word' id='word_1_20' title='bbox 464 1036 578 1085; x_wconf 86' lang='lat' dir='ltr'><strong>monacho</strong></span> <span class='ocrx_word' id='word_1_21' title='bbox 602 1037 682 1102; x_wconf 90' lang='lat' dir='ltr'><strong>potins</strong></span> <span class='ocrx_word' id='word_1_22' title='bbox 714 1038 825 1086; x_wconf 83' lang='lat' dir='ltr'><strong>trimonio</strong></span> <span class='ocrx_word' id='word_1_23' title='bbox 840 1038 971 1102; x_wconf 84' lang='lat' dir='ltr'><strong>praeferre.</strong></span> <span class='ocrx_word' id='word_1_24' title='bbox 988 1037 1063 1102; x_wconf 80' lang='lat' dir='ltr'><strong>Quale</strong></span> <span class='ocrx_word' id='word_1_25' title='bbox 1083 1046 1164 1085; x_wconf 87' lang='lat' dir='ltr'><strong>antem</strong></span> <span class='ocrx_word' id='word_1_26' title='bbox 1185 1035 1217 1084; x_wconf 93' lang='lat' dir='ltr'><strong>il-</strong></span> 
     </span>
     <span class='ocr_line' id='line_1_5' title="bbox 184 1119 1216 1189; baseline -0.001 -18"><span class='ocrx_word' id='word_1_27' title='bbox 184 1139 255 1189; x_wconf 85' lang='lat' dir='ltr'><strong>qnam</strong></span> <span class='ocrx_word' id='word_1_28' title='bbox 286 1123 368 1172; x_wconf 82' lang='lat' dir='ltr'><strong>Flacco</strong></span> <span class='ocrx_word' id='word_1_29' title='bbox 395 1122 528 1171; x_wconf 76' lang='lat' dir='ltr'>versiculus</span> <span class='ocrx_word' id='word_1_30' title='bbox 558 1120 682 1170; x_wconf 81' lang='lat' dir='ltr'><strong>debeatur.</strong></span> <span class='ocrx_word' id='word_1_31' title='bbox 715 1122 759 1171; x_wconf 90' lang='lat' dir='ltr'><strong>lud</strong></span> <span class='ocrx_word' id='word_1_32' title='bbox 773 1123 863 1184; x_wconf 82' lang='lat' dir='ltr'><strong>facere</strong></span> <span class='ocrx_word' id='word_1_33' title='bbox 878 1119 1061 1187; x_wconf 71' lang='lat' dir='ltr'><strong>patrimonia?</strong></span> <span class='ocrx_word' id='word_1_34' title='bbox 1082 1138 1143 1187; x_wconf 81' lang='lat' dir='ltr'><strong>quae</strong></span> <span class='ocrx_word' id='word_1_35' title='bbox 1164 1137 1216 1170; x_wconf 80' lang='lat' dir='ltr'><strong>sca·</strong></span> 
     </span>
     <span class='ocr_line' id='line_1_6' title="bbox 182 1205 1217 1274; baseline -0.003 -17"><span class='ocrx_word' id='word_1_36' title='bbox 182 1207 292 1258; x_wconf 78' lang='lat' dir='ltr'><strong>Eiusdem</strong></span> <span class='ocrx_word' id='word_1_37' title='bbox 322 1224 416 1274; x_wconf 81' lang='lat' dir='ltr'><strong>quoqne</strong></span> <span class='ocrx_word' id='word_1_38' title='bbox 441 1208 562 1255; x_wconf 86' lang='lat' dir='ltr'><strong>commatis</strong></span> <span class='ocrx_word' id='word_1_39' title='bbox 585 1205 681 1255; x_wconf 83' lang='lat' dir='ltr'><strong>videtur</strong></span> <span class='ocrx_word' id='word_1_40' title='bbox 712 1205 764 1257; x_wconf 89' lang='lat' dir='ltr'><strong>bies</strong></span> <span class='ocrx_word' id='word_1_41' title='bbox 784 1208 931 1258; x_wconf 72' lang='lat' dir='ltr'><strong>locutionis?</strong></span> <span class='ocrx_word' id='word_1_42' title='bbox 963 1209 1037 1272; x_wconf 88' lang='lat' dir='ltr'><strong>Quam</strong></span> <span class='ocrx_word' id='word_1_43' title='bbox 1060 1207 1165 1257; x_wconf 89' lang='lat' dir='ltr'><strong>alienum</strong></span> <span class='ocrx_word' id='word_1_44' title='bbox 1191 1216 1217 1254; x_wconf 88' lang='lat' dir='ltr'><strong>et</strong></span> 
     </span>
     <span class='ocr_line' id='line_1_7' title="bbox 183 1289 1217 1358; baseline -0.003 -15"><span class='ocrx_word' id='word_1_45' title='bbox 183 1294 244 1357; x_wconf 90' lang='lat' dir='ltr'><strong>ille,</strong></span> <span class='ocrx_word' id='word_1_46' title='bbox 266 1291 340 1342; x_wconf 79' lang='lat' dir='ltr'><strong>Serus.</strong></span> <span class='ocrx_word' id='word_1_47' title='bbox 357 1293 394 1355; x_wconf 88' lang='grc' dir='ltr'><strong>ΙΙ,</strong></span> <span class='ocrx_word' id='word_1_48' title='bbox 418 1306 450 1355; x_wconf 89' lang='lat'><strong>11,</strong></span> <span class='ocrx_word' id='word_1_49' title='bbox 464 1294 505 1342; x_wconf 83' lang='grc'><strong>38.</strong></span> <span class='ocrx_word' id='word_1_50' title='bbox 516 1290 557 1343; x_wconf 47' lang='lat' dir='ltr'><strong>,de</strong></span> <span class='ocrx_word' id='word_1_51' title='bbox 578 1308 625 1358; x_wconf 78' lang='lat' dir='ltr'><strong>quo</strong></span> <span class='ocrx_word' id='word_1_52' title='bbox 647 1290 683 1340; x_wconf 87' lang='lat' dir='ltr'><strong>di·</strong></span> <span class='ocrx_word' id='word_1_53' title='bbox 714 1308 844 1357; x_wconf 87' lang='lat' dir='ltr'><strong>pannosum</strong></span> <span class='ocrx_word' id='word_1_54' title='bbox 867 1292 930 1342; x_wconf 88' lang='lat' dir='ltr'><strong>illud</strong></span> <span class='ocrx_word' id='word_1_55' title='bbox 951 1294 1018 1341; x_wconf 76' lang='lat' dir='ltr'><strong>vitio</strong></span> <span class='ocrx_word' id='word_1_56' title='bbox 1041 1289 1127 1341; x_wconf 67' lang='lat' dir='ltr'><strong>coeci?</strong></span> <span class='ocrx_word' id='word_1_57' title='bbox 1152 1290 1217 1358; x_wconf 78' lang='lat' dir='ltr'><strong>qnod</strong></span> 
     </span>
     <span class='ocr_line' id='line_1_8' title="bbox 182 1377 1216 1444; baseline -0.002 -17"><span class='ocrx_word' id='word_1_58' title='bbox 182 1396 250 1441; x_wconf 87' lang='lat' dir='ltr'><strong>cene,</strong></span> <span class='ocrx_word' id='word_1_59' title='bbox 267 1377 311 1427; x_wconf 91' lang='lat' dir='ltr'><strong>nbi</strong></span> <span class='ocrx_word' id='word_1_60' title='bbox 323 1379 389 1426; x_wconf 84' lang='lat' dir='ltr'><strong>locus</strong></span> <span class='ocrx_word' id='word_1_61' title='bbox 405 1387 470 1440; x_wconf 85' lang='lat' dir='ltr'><strong>erat,</strong></span> <span class='ocrx_word' id='word_1_62' title='bbox 487 1379 566 1426; x_wconf 87' lang='lat' dir='ltr'><strong>nescio</strong></span> <span class='ocrx_word' id='word_1_63' title='bbox 582 1391 629 1444; x_wconf 85' lang='lat' dir='ltr'><strong>quo</strong></span> <span class='ocrx_word' id='word_1_64' title='bbox 645 1394 683 1427; x_wconf 82' lang='lat' dir='ltr'><strong>aa·</strong></span> <span class='ocrx_word' id='word_1_65' title='bbox 715 1394 743 1426; x_wconf 90' lang='lat' dir='ltr'><strong>eo</strong></span> <span class='ocrx_word' id='word_1_66' title='bbox 755 1387 849 1426; x_wconf 88' lang='lat' dir='ltr'><strong>tantum</strong></span> <span class='ocrx_word' id='word_1_67' title='bbox 861 1381 977 1441; x_wconf 85' lang='lat' dir='ltr'><strong>assuitur,</strong></span> <span class='ocrx_word' id='word_1_68' title='bbox 987 1389 1016 1427; x_wconf 91' lang='lat' dir='ltr'><strong>ut</strong></span> <span class='ocrx_word' id='word_1_69' title='bbox 1025 1377 1138 1427; x_wconf 85' lang='lat' dir='ltr'><strong>versiculi</strong></span> <span class='ocrx_word' id='word_1_70' title='bbox 1146 1387 1216 1427; x_wconf 90' lang='lat' dir='ltr'><strong>cento</strong></span> 
     </span>
     <span class='ocr_line' id='line_1_9' title="bbox 172 1461 1216 1529; baseline -0.002 -17"><span class='ocrx_word' id='word_1_71' title='bbox 172 1479 210 1513; x_wconf 76' lang='lat' dir='ltr'><strong>‘sn</strong></span> <span class='ocrx_word' id='word_1_72' title='bbox 228 1462 319 1512; x_wconf 82' lang='lat' dir='ltr'><strong>oblitus</strong></span> <span class='ocrx_word' id='word_1_73' title='bbox 341 1480 406 1511; x_wconf 85' lang='lat' dir='ltr'><strong>sum:</strong></span> <span class='ocrx_word' id='word_1_74' title='bbox 429 1464 532 1511; x_wconf 77' lang='lat' dir='ltr'><strong>Ieiunas</strong></span> <span class='ocrx_word' id='word_1_75' title='bbox 552 1479 611 1511; x_wconf 82' lang='lat' dir='ltr'><strong>roro</strong></span> <span class='ocrx_word' id='word_1_76' title='bbox 630 1471 680 1510; x_wconf 86' lang='lat' dir='ltr'><strong>sto·</strong></span> <span class='ocrx_word' id='word_1_77' title='bbox 711 1464 835 1512; x_wconf 88' lang='lat' dir='ltr'><strong>sarciatur.</strong></span> <span class='ocrx_word' id='word_1_78' title='bbox 852 1465 911 1528; x_wconf 85' lang='lat' dir='ltr'><strong>Ergo</strong></span> <span class='ocrx_word' id='word_1_79' title='bbox 925 1463 994 1512; x_wconf 89' lang='lat' dir='ltr'><strong>obelo</strong></span> <span class='ocrx_word' id='word_1_80' title='bbox 1008 1462 1159 1529; x_wconf 82' lang='lat' dir='ltr'><strong>configendos</strong></span> <span class='ocrx_word' id='word_1_81' title='bbox 1172 1461 1216 1510; x_wconf 91' lang='lat' dir='ltr'><strong>bos</strong></span> 
     </span>
     <span class='ocr_line' id='line_1_10' title="bbox 183 1547 1217 1613; baseline 0 -17"><span class='ocrx_word' id='word_1_82' title='bbox 183 1549 284 1597; x_wconf 76' lang='lat' dir='ltr'><strong>mochus</strong></span> <span class='ocrx_word' id='word_1_83' title='bbox 307 1549 426 1613; x_wconf 72' lang='lat' dir='ltr'><strong>vulgario</strong></span> <span class='ocrx_word' id='word_1_84' title='bbox 453 1550 553 1604; x_wconf 78' lang='lat' dir='ltr'><em>temnit.</em></span> <span class='ocrx_word' id='word_1_85' title='bbox 591 1549 683 1612; x_wconf 81' lang='lat' dir='ltr'><strong>Quippe</strong></span> <span class='ocrx_word' id='word_1_86' title='bbox 716 1565 797 1596; x_wconf 82' lang='lat' dir='ltr'><strong>versus</strong></span> <span class='ocrx_word' id='word_1_87' title='bbox 809 1565 905 1608; x_wconf 70' lang='lat' dir='ltr'><strong>censeo,</strong></span> <span class='ocrx_word' id='word_1_88' title='bbox 918 1550 1010 1598; x_wconf 90' lang='lat' dir='ltr'><strong>etiamsi</strong></span> <span class='ocrx_word' id='word_1_89' title='bbox 1020 1559 1088 1597; x_wconf 85' lang='lat' dir='ltr'><strong>vetus</strong></span> <span class='ocrx_word' id='word_1_90' title='bbox 1100 1547 1217 1597; x_wconf 89' lang='lat' dir='ltr'><strong>ibiSoho-</strong></span> 
     </span>
     <span class='ocr_line' id='line_1_11' title="bbox 182 1633 1215 1700; baseline -0.002 -17"><span class='ocrx_word' id='word_1_91' title='bbox 182 1634 219 1684; x_wconf 90' lang='lat' dir='ltr'><strong>ibi</strong></span> <span class='ocrx_word' id='word_1_92' title='bbox 241 1645 265 1682; x_wconf 93' lang='lat' dir='ltr'><strong>et</strong></span> <span class='ocrx_word' id='word_1_93' title='bbox 281 1636 395 1683; x_wconf 83' lang='lat' dir='ltr'><strong>orationis</strong></span> <span class='ocrx_word' id='word_1_94' title='bbox 411 1650 504 1682; x_wconf 88' lang='lat' dir='ltr'><strong>cursum</strong></span> <span class='ocrx_word' id='word_1_95' title='bbox 525 1633 587 1681; x_wconf 82' lang='lat' dir='ltr'><strong>male</strong></span> <span class='ocrx_word' id='word_1_96' title='bbox 610 1635 685 1680; x_wconf 85' lang='lat' dir='ltr'><strong>inter·</strong></span> <span class='ocrx_word' id='word_1_97' title='bbox 716 1633 900 1696; x_wconf 85' lang='lat' dir='ltr'><strong>liastes,ntbic</strong></span> <span class='ocrx_word' id='word_1_98' title='bbox 914 1633 1215 1700; x_wconf 81' lang='lat' dir='ltr'><strong>quoqneapndllostrnm,</strong></span> 
     </span>
     <span class='ocr_line' id='line_1_12' title="bbox 180 1717 1215 1786; baseline 0 -18"><span class='ocrx_word' id='word_1_99' title='bbox 180 1722 257 1785; x_wconf 81' lang='lat' dir='ltr'><strong>cipit:</strong></span> <span class='ocrx_word' id='word_1_100' title='bbox 274 1719 340 1768; x_wconf 90' lang='lat' dir='ltr'><strong>etin</strong></span> <span class='ocrx_word' id='word_1_101' title='bbox 356 1717 464 1784; x_wconf 78' lang='lat' dir='ltr'><strong>ambigui</strong></span> <span class='ocrx_word' id='word_1_102' title='bbox 484 1719 570 1768; x_wconf 84' lang='lat' dir='ltr'><strong>vitium</strong></span> <span class='ocrx_word' id='word_1_103' title='bbox 585 1717 679 1767; x_wconf 80' lang='lat' dir='ltr'><strong>incidit.</strong></span> <span class='ocrx_word' id='word_1_104' title='bbox 712 1736 756 1784; x_wconf 89' lang='lat' dir='ltr'><strong>pro</strong></span> <span class='ocrx_word' id='word_1_105' title='bbox 771 1721 882 1784; x_wconf 80' lang='lat' dir='ltr'><strong>genuinis</strong></span> <span class='ocrx_word' id='word_1_106' title='bbox 898 1722 1027 1785; x_wconf 83' lang='lat' dir='ltr'><strong>agnoverit.</strong></span> <span class='ocrx_word' id='word_1_107' title='bbox 1047 1720 1168 1786; x_wconf 84' lang='lat' dir='ltr'><strong>Denique,</strong></span> <span class='ocrx_word' id='word_1_108' title='bbox 1185 1731 1215 1768; x_wconf 90' lang='lat' dir='ltr'><strong>ut</strong></span> 
     </span>
     <span class='ocr_line' id='line_1_13' title="bbox 178 1798 1215 1871; baseline 0 -17"><span class='ocrx_word' id='word_1_109' title='bbox 178 1806 229 1854; x_wconf 86' lang='lat' dir='ltr'><strong>Iam</strong></span> <span class='ocrx_word' id='word_1_110' title='bbox 247 1805 306 1854; x_wconf 90' lang='lat' dir='ltr'><strong>olim</strong></span> <span class='ocrx_word' id='word_1_111' title='bbox 322 1806 386 1853; x_wconf 91' lang='lat' dir='ltr'><strong>enim</strong></span> <span class='ocrx_word' id='word_1_112' title='bbox 403 1803 570 1853; x_wconf 83' lang='lat' dir='ltr'><strong>aScboliastis</strong></span> <span class='ocrx_word' id='word_1_113' title='bbox 585 1802 681 1853; x_wconf 87' lang='lat' dir='ltr'><strong>dubita-</strong></span> <span class='ocrx_word' id='word_1_114' title='bbox 712 1807 788 1870; x_wconf 84' lang='lat' dir='ltr'><strong>magis</strong></span> <span class='ocrx_word' id='word_1_115' title='bbox 808 1798 871 1853; x_wconf 63' lang='lat' dir='ltr'><strong>&#39;scias</strong></span> <span class='ocrx_word' id='word_1_116' title='bbox 893 1807 1024 1854; x_wconf 88' lang='lat' dir='ltr'><strong>sententias</strong></span> <span class='ocrx_word' id='word_1_117' title='bbox 1047 1805 1103 1854; x_wconf 78' lang='lat' dir='ltr'><strong>illae</strong></span> <span class='ocrx_word' id='word_1_118' title='bbox 1126 1807 1215 1871; x_wconf 88' lang='lat' dir='ltr'><strong>passim</strong></span> 
     </span>
     <span class='ocr_line' id='line_1_14' title="bbox 179 1890 1215 1954; baseline 0.002 -15"><span class='ocrx_word' id='word_1_119' title='bbox 179 1902 231 1939; x_wconf 86' lang='lat' dir='ltr'><strong>tum</strong></span> <span class='ocrx_word' id='word_1_120' title='bbox 245 1901 295 1954; x_wconf 86' lang='lat' dir='ltr'><strong>est,</strong></span> <span class='ocrx_word' id='word_1_121' title='bbox 311 1900 393 1939; x_wconf 86' lang='lat' dir='ltr'><strong>utrum</strong></span> <span class='ocrx_word' id='word_1_122' title='bbox 408 1905 466 1937; x_wconf 82' lang='lat' dir='ltr'><strong>roro</strong></span> <span class='ocrx_word' id='word_1_123' title='bbox 476 1891 579 1937; x_wconf 74' lang='lat' dir='ltr'><strong>ieiunus</strong></span> <span class='ocrx_word' id='word_1_124' title='bbox 593 1907 624 1938; x_wconf 80' lang='lat' dir='ltr'><strong>an</strong></span> <span class='ocrx_word' id='word_1_125' title='bbox 640 1905 681 1936; x_wconf 83' lang='lat' dir='ltr'><strong>rn-</strong></span> <span class='ocrx_word' id='word_1_126' title='bbox 713 1890 775 1938; x_wconf 88' lang='lat' dir='ltr'><strong>mala</strong></span> <span class='ocrx_word' id='word_1_127' title='bbox 791 1907 863 1939; x_wconf 88' lang='lat' dir='ltr'><strong>mann</strong></span> <span class='ocrx_word' id='word_1_128' title='bbox 878 1892 999 1950; x_wconf 84' lang='lat' dir='ltr'><strong>inferciri;</strong></span> <span class='ocrx_word' id='word_1_129' title='bbox 1019 1909 1088 1940; x_wconf 88' lang='lat' dir='ltr'><strong>narro</strong></span> <span class='ocrx_word' id='word_1_130' title='bbox 1104 1894 1152 1941; x_wconf 86' lang='lat' dir='ltr'><strong>iam</strong></span> <span class='ocrx_word' id='word_1_131' title='bbox 1166 1891 1215 1941; x_wconf 89' lang='lat' dir='ltr'><strong>tibi</strong></span> 
     </span>
     <span class='ocr_line' id='line_1_15' title="bbox 178 1974 1216 2044; baseline 0.003 -19"><span class='ocrx_word' id='word_1_132' title='bbox 178 1993 210 2025; x_wconf 73' lang='lat' dir='ltr'><strong>ro</strong></span> <span class='ocrx_word' id='word_1_133' title='bbox 227 1978 318 2024; x_wconf 68' lang='lat' dir='ltr'><strong>tenuit</strong></span> <span class='ocrx_word' id='word_1_134' title='bbox 329 1977 362 2024; x_wconf 89' lang='lat' dir='ltr'><strong>sit</strong></span> <span class='ocrx_word' id='word_1_135' title='bbox 375 1974 546 2040; x_wconf 84' lang='lat' dir='ltr'><strong>accipiendum.</strong></span> <span class='ocrx_word' id='word_1_136' title='bbox 564 1974 679 2022; x_wconf 76' lang='lat' dir='ltr'><strong>Nimirum</strong></span> <span class='ocrx_word' id='word_1_137' title='bbox 712 1974 815 2024; x_wconf 80' lang='lat' dir='ltr'><strong>disticha</strong></span> <span class='ocrx_word' id='word_1_138' title='bbox 844 1976 993 2044; x_wconf 81' lang='lat' dir='ltr'><strong>epimythia,</strong></span> <span class='ocrx_word' id='word_1_139' title='bbox 1023 1995 1083 2044; x_wconf 82' lang='lat' dir='ltr'><strong>quae</strong></span> <span class='ocrx_word' id='word_1_140' title='bbox 1112 1978 1216 2044; x_wconf 78' lang='lat' dir='ltr'><strong>singulis</strong></span> 
     </span>
     <span class='ocr_line' id='line_1_16' title="bbox 179 2060 1214 2129; baseline 0.004 -19"><span class='ocrx_word' id='word_1_141' title='bbox 179 2071 222 2110; x_wconf 87' lang='lat' dir='ltr'><strong>ant</strong></span> <span class='ocrx_word' id='word_1_142' title='bbox 238 2060 324 2124; x_wconf 78' lang='lat' dir='ltr'><strong>fallor,</strong></span> <span class='ocrx_word' id='word_1_143' title='bbox 341 2071 384 2109; x_wconf 89' lang='lat' dir='ltr'><strong>aut</strong></span> <span class='ocrx_word' id='word_1_144' title='bbox 396 2060 441 2109; x_wconf 84' lang='lat' dir='ltr'><strong>bae</strong></span> <span class='ocrx_word' id='word_1_145' title='bbox 454 2061 586 2108; x_wconf 87' lang='lat' dir='ltr'><strong>sententiae</strong></span> <span class='ocrx_word' id='word_1_146' title='bbox 603 2076 633 2108; x_wconf 88' lang='lat' dir='ltr'><strong>ex</strong></span> <span class='ocrx_word' id='word_1_147' title='bbox 649 2060 680 2108; x_wconf 93' lang='lat' dir='ltr'><strong>li·</strong></span> <span class='ocrx_word' id='word_1_148' title='bbox 711 2060 795 2110; x_wconf 71' lang='lat' dir='ltr'><strong>Avieni</strong></span> <span class='ocrx_word' id='word_1_149' title='bbox 814 2060 905 2111; x_wconf 85' lang='lat' dir='ltr'><strong>fabulis</strong></span> <span class='ocrx_word' id='word_1_150' title='bbox 920 2062 1114 2129; x_wconf 81' lang='lat' dir='ltr'><strong>subiunguntur,</strong></span> <span class='ocrx_word' id='word_1_151' title='bbox 1134 2064 1214 2114; x_wconf 77' lang='lat' dir='ltr'><strong>omnia</strong></span> 
     </span>
     <span class='ocr_line' id='line_1_17' title="bbox 174 2144 1210 2213; baseline 0.002 -18"><span class='ocrx_word' id='word_1_152' title='bbox 174 2144 228 2195; x_wconf 65' lang='lat' dir='ltr'><strong>&#39;bris</strong></span> <span class='ocrx_word' id='word_1_153' title='bbox 257 2145 409 2209; x_wconf 83' lang='lat' dir='ltr'><strong>trivialibus,</strong></span> <span class='ocrx_word' id='word_1_154' title='bbox 438 2147 481 2211; x_wconf 85' lang='lat' dir='ltr'><strong>qui</strong></span> <span class='ocrx_word' id='word_1_155' title='bbox 513 2155 565 2193; x_wconf 89' lang='lat' dir='ltr'><strong>tum</strong></span> <span class='ocrx_word' id='word_1_156' title='bbox 596 2147 678 2211; x_wconf 85' lang='lat' dir='ltr'><strong>pneris</strong></span> <span class='ocrx_word' id='word_1_157' title='bbox 709 2149 863 2212; x_wconf 86' lang='lat' dir='ltr'><strong>supposititia</strong></span> <span class='ocrx_word' id='word_1_158' title='bbox 884 2149 931 2197; x_wconf 80' lang='lat' dir='ltr'><strong>nel</strong></span> <span class='ocrx_word' id='word_1_159' title='bbox 952 2152 1035 2198; x_wconf 80' lang='grc' dir='ltr'><strong><em>κακοῦ</em></strong></span> <span class='ocrx_word' id='word_1_160' title='bbox 1056 2151 1210 2213; x_wconf 81' lang='grc' dir='ltr'>κόμματος,</span> 
     </span>
     <span class='ocr_line' id='line_1_18' title="bbox 178 2229 1214 2300; baseline 0.003 -19"><span class='ocrx_word' id='word_1_161' title='bbox 178 2231 392 2299; x_wconf 78' lang='lat' dir='ltr'><strong>praelegebantnr,</strong></span> <span class='ocrx_word' id='word_1_162' title='bbox 408 2247 472 2278; x_wconf 89' lang='lat' dir='ltr'><strong>nnnc</strong></span> <span class='ocrx_word' id='word_1_163' title='bbox 485 2231 620 2295; x_wconf 83' lang='lat' dir='ltr'><strong>perierunt,</strong></span> <span class='ocrx_word' id='word_1_164' title='bbox 637 2229 678 2278; x_wconf 85' lang='lat' dir='ltr'><strong>de·</strong></span> <span class='ocrx_word' id='word_1_165' title='bbox 711 2242 735 2280; x_wconf 90' lang='lat' dir='ltr'><strong>et</strong></span> <span class='ocrx_word' id='word_1_166' title='bbox 748 2233 774 2280; x_wconf 92' lang='lat' dir='ltr'><strong>in</strong></span> <span class='ocrx_word' id='word_1_167' title='bbox 787 2233 904 2298; x_wconf 82' lang='lat' dir='ltr'><strong>Galeano,</strong></span> <span class='ocrx_word' id='word_1_168' title='bbox 918 2251 965 2300; x_wconf 81' lang='lat' dir='ltr'><strong>quo</strong></span> <span class='ocrx_word' id='word_1_169' title='bbox 978 2252 1035 2284; x_wconf 85' lang='lat' dir='ltr'><strong>nsns</strong></span> <span class='ocrx_word' id='word_1_170' title='bbox 1048 2253 1113 2298; x_wconf 89' lang='lat' dir='ltr'><strong>snm,</strong></span> <span class='ocrx_word' id='word_1_171' title='bbox 1127 2234 1214 2284; x_wconf 78' lang='lat' dir='ltr'><strong>Codice</strong></span> 
     </span>
     <span class='ocr_line' id='line_1_19' title="bbox 170 2315 1116 2384; baseline 0.003 -18"><span class='ocrx_word' id='word_1_172' title='bbox 170 2328 270 2367; x_wconf 85' lang='lat' dir='ltr'><strong>·snmtae</strong></span> <span class='ocrx_word' id='word_1_173' title='bbox 287 2324 358 2365; x_wconf 85' lang='lat' dir='ltr'><strong>sunt:</strong></span> <span class='ocrx_word' id='word_1_174' title='bbox 382 2326 407 2365; x_wconf 88' lang='lat' dir='ltr'><strong>et</strong></span> <span class='ocrx_word' id='word_1_175' title='bbox 428 2333 481 2363; x_wconf 88' lang='lat' dir='ltr'><strong>cum</strong></span> <span class='ocrx_word' id='word_1_176' title='bbox 494 2317 520 2363; x_wconf 89' lang='lat' dir='ltr'><strong>in</strong></span> <span class='ocrx_word' id='word_1_177' title='bbox 538 2315 679 2380; x_wconf 85' lang='lat' dir='ltr'><strong>exemplaris</strong></span> <span class='ocrx_word' id='word_1_178' title='bbox 711 2317 780 2366; x_wconf 86' lang='lat' dir='ltr'><strong>nulla</strong></span> <span class='ocrx_word' id='word_1_179' title='bbox 795 2336 938 2384; x_wconf 83' lang='lat' dir='ltr'><strong>comparere.</strong></span> <span class='ocrx_word' id='word_1_180' title='bbox 956 2321 1116 2370; x_wconf 84' lang='lat' dir='ltr'>BENTLEIUS.</span> 
     </span>
    </p>

    <p class='ocr_par' dir='ltr' id='par_1_4' title="bbox 169 2402 1216 3581">
     <span class='ocr_line' id='line_1_20' title="bbox 176 2402 1216 2471; baseline 0.005 -21"><span class='ocrx_word' id='word_1_181' title='bbox 176 2420 219 2452; x_wconf 86' lang='lat' dir='ltr'><strong>ora</strong></span> <span class='ocrx_word' id='word_1_182' title='bbox 234 2403 302 2452; x_wconf 88' lang='lat' dir='ltr'><strong>velut</strong></span> <span class='ocrx_word' id='word_1_183' title='bbox 321 2403 373 2449; x_wconf 90' lang='lat' dir='ltr'><strong>loco</strong></span> <span class='ocrx_word' id='word_1_184' title='bbox 389 2402 512 2465; x_wconf 88' lang='lat' dir='ltr'><strong>appositae</strong></span> <span class='ocrx_word' id='word_1_185' title='bbox 528 2411 554 2449; x_wconf 91' lang='lat' dir='ltr'><strong>et</strong></span> <span class='ocrx_word' id='word_1_186' title='bbox 571 2403 681 2450; x_wconf 89' lang='lat' dir='ltr'><strong>consimi-</strong></span> <span class='ocrx_word' id='word_1_187' title='bbox 744 2403 796 2450; x_wconf 85' lang='lat' dir='ltr'><strong>Non</strong></span> <span class='ocrx_word' id='word_1_188' title='bbox 820 2403 890 2452; x_wconf 83' lang='lat' dir='ltr'><strong>credo</strong></span> <span class='ocrx_word' id='word_1_189' title='bbox 913 2404 1036 2471; x_wconf 77' lang='lat' dir='ltr'><strong>aliquem,</strong></span> <span class='ocrx_word' id='word_1_190' title='bbox 1060 2409 1095 2454; x_wconf 86' lang='lat' dir='ltr'><strong>sic</strong></span> <span class='ocrx_word' id='word_1_191' title='bbox 1116 2423 1130 2454; x_wconf 88' lang='lat' dir='ltr'><strong>a</strong></span> <span class='ocrx_word' id='word_1_192' title='bbox 1154 2409 1216 2456; x_wconf 90' lang='lat' dir='ltr'><strong>Ben-</strong></span> 
     </span>
     <span class='ocr_line' id='line_1_21' title="bbox 174 2487 1214 2557; baseline 0.004 -20"><span class='ocrx_word' id='word_1_193' title='bbox 174 2489 212 2537; x_wconf 81' lang='lat' dir='ltr'><strong>les</strong></span> <span class='ocrx_word' id='word_1_194' title='bbox 234 2504 248 2536; x_wconf 90' lang='lat' dir='ltr'><strong>a</strong></span> <span class='ocrx_word' id='word_1_195' title='bbox 269 2489 381 2553; x_wconf 86' lang='lat' dir='ltr'><strong>quopiam</strong></span> <span class='ocrx_word' id='word_1_196' title='bbox 396 2497 549 2550; x_wconf 85' lang='lat' dir='ltr'><strong>notarentur,</strong></span> <span class='ocrx_word' id='word_1_197' title='bbox 574 2489 675 2552; x_wconf 81' lang='lat' dir='ltr'><strong>posteri-</strong></span> <span class='ocrx_word' id='word_1_198' title='bbox 706 2487 765 2537; x_wconf 89' lang='lat' dir='ltr'><strong>tleio</strong></span> <span class='ocrx_word' id='word_1_199' title='bbox 783 2487 946 2551; x_wconf 88' lang='lat' dir='ltr'><strong>admonitum,</strong></span> <span class='ocrx_word' id='word_1_200' title='bbox 971 2489 1044 2537; x_wconf 87' lang='lat' dir='ltr'><strong>talem</strong></span> <span class='ocrx_word' id='word_1_201' title='bbox 1060 2507 1153 2540; x_wconf 87' lang='lat' dir='ltr'><strong>versum</strong></span> <span class='ocrx_word' id='word_1_202' title='bbox 1169 2510 1214 2557; x_wconf 82' lang='lat' dir='ltr'><strong>pro</strong></span> 
     </span>
     <span class='ocr_line' id='line_1_22' title="bbox 176 2571 1216 2642; baseline 0.005 -22"><span class='ocrx_word' id='word_1_203' title='bbox 176 2571 257 2621; x_wconf 84' lang='lat' dir='ltr'><strong>oribus</strong></span> <span class='ocrx_word' id='word_1_204' title='bbox 295 2571 408 2620; x_wconf 84' lang='lat' dir='ltr'><strong>Librariis</strong></span> <span class='ocrx_word' id='word_1_205' title='bbox 442 2572 524 2620; x_wconf 85' lang='lat' dir='ltr'><strong>sucum</strong></span> <span class='ocrx_word' id='word_1_206' title='bbox 556 2573 674 2622; x_wconf 79' lang='lat' dir='ltr'><strong>fecerunt.</strong></span> <span class='ocrx_word' id='word_1_207' title='bbox 707 2574 811 2637; x_wconf 81' lang='lat' dir='ltr'><strong>genuino</strong></span> <span class='ocrx_word' id='word_1_208' title='bbox 820 2589 869 2621; x_wconf 84' lang='lat' dir='ltr'><strong>esse</strong></span> <span class='ocrx_word' id='word_1_209' title='bbox 877 2571 1024 2622; x_wconf 81' lang='lat' dir='ltr'><strong>habiturum.</strong></span> <span class='ocrx_word' id='word_1_210' title='bbox 1039 2575 1152 2641; x_wconf 87' lang='lat' dir='ltr'><strong>Equidem</strong></span> <span class='ocrx_word' id='word_1_211' title='bbox 1161 2578 1216 2642; x_wconf 89' lang='lat' dir='ltr'><strong>pla·</strong></span> 
     </span>
     <span class='ocr_line' id='line_1_23' title="bbox 172 2650 1214 2726; baseline 0.007 -21"><span class='ocrx_word' id='word_1_212' title='bbox 172 2650 260 2706; x_wconf 77' lang='lat' dir='ltr'><strong>Eadem</strong></span> <span class='ocrx_word' id='word_1_213' title='bbox 270 2656 331 2706; x_wconf 88' lang='lat' dir='ltr'><strong>mibi</strong></span> <span class='ocrx_word' id='word_1_214' title='bbox 346 2658 447 2722; x_wconf 85' lang='lat' dir='ltr'><strong>suspicio</strong></span> <span class='ocrx_word' id='word_1_215' title='bbox 461 2667 497 2706; x_wconf 90' lang='lat' dir='ltr'><strong>est</strong></span> <span class='ocrx_word' id='word_1_216' title='bbox 513 2656 542 2705; x_wconf 89' lang='lat' dir='ltr'><strong>de</strong></span> <span class='ocrx_word' id='word_1_217' title='bbox 556 2658 675 2706; x_wconf 82' lang='lat' dir='ltr'><strong>luvenalis</strong></span> <span class='ocrx_word' id='word_1_218' title='bbox 705 2660 842 2724; x_wconf 82' lang='lat' dir='ltr'><strong>neignoro,</strong></span> <span class='ocrx_word' id='word_1_219' title='bbox 858 2657 917 2726; x_wconf 87' lang='lat' dir='ltr'><strong>quid</strong></span> <span class='ocrx_word' id='word_1_220' title='bbox 926 2658 957 2708; x_wconf 91' lang='lat' dir='ltr'><strong>ad</strong></span> <span class='ocrx_word' id='word_1_221' title='bbox 968 2676 1022 2708; x_wconf 91' lang='lat' dir='ltr'><strong>eum</strong></span> <span class='ocrx_word' id='word_1_222' title='bbox 1036 2659 1214 2712; x_wconf 85' lang='lat' dir='ltr'><strong>defendendum</strong></span> 
     </span>
     <span class='ocr_line' id='line_1_24' title="bbox 173 2742 1212 2813; baseline 0.005 -20"><span class='ocrx_word' id='word_1_223' title='bbox 173 2744 227 2793; x_wconf 91' lang='lat' dir='ltr'><strong>loco</strong></span> <span class='ocrx_word' id='word_1_224' title='bbox 242 2745 301 2808; x_wconf 87' lang='lat' dir='ltr'><strong>Xll,</strong></span> <span class='ocrx_word' id='word_1_225' title='bbox 317 2745 358 2793; x_wconf 80' lang='lat'><strong>50.</strong></span> <span class='ocrx_word' id='word_1_226' title='bbox 375 2742 419 2791; x_wconf 91' lang='lat' dir='ltr'><strong>nbi</strong></span> <span class='ocrx_word' id='word_1_227' title='bbox 439 2753 534 2806; x_wconf 85' lang='lat' dir='ltr'><strong>narrat,</strong></span> <span class='ocrx_word' id='word_1_228' title='bbox 550 2754 579 2792; x_wconf 89' lang='lat' dir='ltr'><strong>nt</strong></span> <span class='ocrx_word' id='word_1_229' title='bbox 594 2743 673 2793; x_wconf 82' lang='lat' dir='ltr'><strong>Catul-</strong></span> <span class='ocrx_word' id='word_1_230' title='bbox 705 2760 759 2793; x_wconf 88' lang='lat' dir='ltr'><strong>cum</strong></span> <span class='ocrx_word' id='word_1_231' title='bbox 774 2743 855 2810; x_wconf 83' lang='lat' dir='ltr'><strong>aliqua</strong></span> <span class='ocrx_word' id='word_1_232' title='bbox 870 2747 922 2793; x_wconf 85' lang='lat' dir='ltr'><strong>veri</strong></span> <span class='ocrx_word' id='word_1_233' title='bbox 935 2747 1014 2810; x_wconf 87' lang='lat' dir='ltr'><strong>specie</strong></span> <span class='ocrx_word' id='word_1_234' title='bbox 1031 2747 1115 2796; x_wconf 84' lang='lat' dir='ltr'><strong>afferri</strong></span> <span class='ocrx_word' id='word_1_235' title='bbox 1127 2751 1212 2813; x_wconf 81' lang='lat' dir='ltr'><strong>possit.</strong></span> 
     </span>
     <span class='ocr_line' id='line_1_25' title="bbox 174 2827 1213 2896; baseline 0.004 -18"><span class='ocrx_word' id='word_1_236' title='bbox 174 2830 214 2879; x_wconf 86' lang='lat' dir='ltr'><strong>lus</strong></span> <span class='ocrx_word' id='word_1_237' title='bbox 237 2846 294 2878; x_wconf 86' lang='lat' dir='ltr'><strong>suus</strong></span> <span class='ocrx_word' id='word_1_238' title='bbox 309 2831 336 2878; x_wconf 93' lang='lat' dir='ltr'><strong>in</strong></span> <span class='ocrx_word' id='word_1_239' title='bbox 351 2845 441 2877; x_wconf 84' lang='lat' dir='ltr'><strong>summo</strong></span> <span class='ocrx_word' id='word_1_240' title='bbox 457 2829 578 2893; x_wconf 77' lang='lat' dir='ltr'><strong>naufragii</strong></span> <span class='ocrx_word' id='word_1_241' title='bbox 594 2827 676 2877; x_wconf 75' lang='lat' dir='ltr'><strong>diaeri-</strong></span> <span class='ocrx_word' id='word_1_242' title='bbox 708 2831 822 2879; x_wconf 64' lang='lat' dir='ltr'><strong>Poetotio</strong></span> <span class='ocrx_word' id='word_1_243' title='bbox 838 2840 863 2879; x_wconf 89' lang='lat' dir='ltr'><strong>et</strong></span> <span class='ocrx_word' id='word_1_244' title='bbox 886 2834 997 2896; x_wconf 68' lang='lat' dir='ltr'><strong>corporea</strong></span> <span class='ocrx_word' id='word_1_245' title='bbox 1016 2832 1159 2882; x_wconf 85' lang='lat' dir='ltr'><strong>creberrima</strong></span> <span class='ocrx_word' id='word_1_246' title='bbox 1175 2844 1213 2882; x_wconf 86' lang='lat' dir='ltr'><strong>eat</strong></span> 
     </span>
     <span class='ocr_line' id='line_1_26' title="bbox 174 2914 1213 2984; baseline 0.003 -19"><span class='ocrx_word' id='word_1_247' title='bbox 174 2918 252 2979; x_wconf 88' lang='lat' dir='ltr'><strong>mine,</strong></span> <span class='ocrx_word' id='word_1_248' title='bbox 277 2932 324 2982; x_wconf 85' lang='lat' dir='ltr'><strong>qno</strong></span> <span class='ocrx_word' id='word_1_249' title='bbox 348 2932 431 2964; x_wconf 81' lang='lat' dir='ltr'><strong>navem</strong></span> <span class='ocrx_word' id='word_1_250' title='bbox 455 2914 563 2975; x_wconf 85' lang='lat' dir='ltr'><strong>levaret,</strong></span> <span class='ocrx_word' id='word_1_251' title='bbox 585 2915 674 2977; x_wconf 85' lang='lat' dir='ltr'><strong>pretio·</strong></span> <span class='ocrx_word' id='word_1_252' title='bbox 705 2917 731 2963; x_wconf 88' lang='lat' dir='ltr'><strong>in</strong></span> <span class='ocrx_word' id='word_1_253' title='bbox 747 2914 871 2965; x_wconf 78' lang='lat' dir='ltr'><strong>(lodicibus</strong></span> <span class='ocrx_word' id='word_1_254' title='bbox 878 2919 1031 2982; x_wconf 84' lang='lat' dir='ltr'><strong>permutatio.</strong></span> <span class='ocrx_word' id='word_1_255' title='bbox 1041 2918 1154 2984; x_wconf 75' lang='lat' dir='ltr'><strong>Virgilius</strong></span> <span class='ocrx_word' id='word_1_256' title='bbox 1167 2919 1213 2968; x_wconf 70' lang='lat' dir='ltr'><strong>be·</strong></span> 
     </span>
     <span class='ocr_line' id='line_1_27' title="bbox 177 2999 1213 3070; baseline 0.002 -19"><span class='ocrx_word' id='word_1_257' title='bbox 177 3002 296 3051; x_wconf 74' lang='lat' dir='ltr'><strong>sisaim</strong></span> <span class='ocrx_word' id='word_1_258' title='bbox 313 3000 488 3066; x_wconf 86' lang='lat' dir='ltr'><strong>supellectilem</strong></span> <span class='ocrx_word' id='word_1_259' title='bbox 503 2999 529 3047; x_wconf 91' lang='lat' dir='ltr'><strong>in</strong></span> <span class='ocrx_word' id='word_1_260' title='bbox 545 3015 608 3046; x_wconf 83' lang='lat' dir='ltr'><strong>mare</strong></span> <span class='ocrx_word' id='word_1_261' title='bbox 626 3016 681 3064; x_wconf 85' lang='lat' dir='ltr'><strong>pro·</strong></span> <span class='ocrx_word' id='word_1_262' title='bbox 712 3000 777 3049; x_wconf 92' lang='lat' dir='ltr'><strong>neid.</strong></span> <span class='ocrx_word' id='word_1_263' title='bbox 799 3002 920 3064; x_wconf 78' lang='lat'><strong>111,175.</strong></span> <span class='ocrx_word' id='word_1_264' title='bbox 957 3006 1018 3051; x_wconf 80' lang='lat' dir='ltr'><strong>Tam</strong></span> <span class='ocrx_word' id='word_1_265' title='bbox 1037 3005 1139 3070; x_wconf 74' lang='lat' dir='ltr'><strong>gelidas</strong></span> <span class='ocrx_word' id='word_1_266' title='bbox 1161 3012 1213 3053; x_wconf 75' lang='lat' dir='ltr'><strong>toto</strong></span> 
     </span>
     <span class='ocr_line' id='line_1_28' title="bbox 178 3086 1212 3152; baseline 0.002 -16"><span class='ocrx_word' id='word_1_267' title='bbox 178 3088 275 3136; x_wconf 82' lang='lat' dir='ltr'><strong>iecerit:</strong></span> <span class='ocrx_word' id='word_1_268' title='bbox 299 3088 348 3136; x_wconf 83' lang='lat' dir='ltr'><strong>Sed</strong></span> <span class='ocrx_word' id='word_1_269' title='bbox 364 3089 421 3151; x_wconf 82' lang='lat' dir='ltr'><strong>qais</strong></span> <span class='ocrx_word' id='word_1_270' title='bbox 441 3101 505 3134; x_wconf 77' lang='lat' dir='ltr'><strong>nono</strong></span> <span class='ocrx_word' id='word_1_271' title='bbox 525 3086 607 3146; x_wconf 69' lang='lat' dir='ltr'><strong>auos,</strong></span> <span class='ocrx_word' id='word_1_272' title='bbox 632 3100 681 3147; x_wconf 81' lang='lat' dir='ltr'><strong>quo</strong></span> <span class='ocrx_word' id='word_1_273' title='bbox 711 3088 827 3134; x_wconf 80' lang='lat' dir='ltr'><strong>manabat</strong></span> <span class='ocrx_word' id='word_1_274' title='bbox 842 3103 939 3152; x_wconf 67' lang='lat' dir='ltr'><strong>corpore</strong></span> <span class='ocrx_word' id='word_1_275' title='bbox 955 3090 1036 3139; x_wconf 69' lang='lat' dir='ltr'><strong>nidor.</strong></span> <span class='ocrx_word' id='word_1_276' title='bbox 1058 3089 1101 3138; x_wconf 91' lang='lat' dir='ltr'><strong>nbi</strong></span> <span class='ocrx_word' id='word_1_277' title='bbox 1114 3092 1140 3139; x_wconf 90' lang='lat' dir='ltr'><strong>in</strong></span> <span class='ocrx_word' id='word_1_278' title='bbox 1153 3088 1212 3138; x_wconf 90' lang='lat' dir='ltr'><strong>dno-</strong></span> 
     </span>
     <span class='ocr_line' id='line_1_29' title="bbox 174 3170 1163 3240; baseline 0.003 -20"><span class='ocrx_word' id='word_1_279' title='bbox 174 3172 263 3220; x_wconf 83' lang='lat' dir='ltr'><strong>mamdi</strong></span> <span class='ocrx_word' id='word_1_280' title='bbox 273 3179 366 3236; x_wconf 84' lang='lat' dir='ltr'><strong>porte,</strong></span> <span class='ocrx_word' id='word_1_281' title='bbox 391 3174 448 3237; x_wconf 79' lang='lat' dir='ltr'><strong>pain</strong></span> <span class='ocrx_word' id='word_1_282' title='bbox 471 3171 546 3219; x_wconf 80' lang='lat' dir='ltr'><strong>undet</strong></span> <span class='ocrx_word' id='word_1_283' title='bbox 565 3170 677 3235; x_wconf 83' lang='lat' dir='ltr'><strong>Argonto</strong></span> <span class='ocrx_word' id='word_1_284' title='bbox 708 3170 754 3219; x_wconf 85' lang='lat' dir='ltr'><strong>bns</strong></span> <span class='ocrx_word' id='word_1_285' title='bbox 765 3173 894 3220; x_wconf 86' lang='lat' dir='ltr'><strong>Burmanni</strong></span> <span class='ocrx_word' id='word_1_286' title='bbox 906 3172 976 3223; x_wconf 85' lang='lat' dir='ltr'><strong>Codd.</strong></span> <span class='ocrx_word' id='word_1_287' title='bbox 994 3185 1045 3223; x_wconf 85' lang='lat' dir='ltr'><strong>erat</strong></span> <span class='ocrx_word' id='word_1_288' title='bbox 1056 3183 1163 3240; x_wconf 81' lang='lat' dir='ltr'><strong>pectore.</strong></span> 
     </span>
     <span class='ocr_line' id='line_1_30' title="bbox 170 3253 1211 3324; baseline 0.005 -20"><span class='ocrx_word' id='word_1_289' title='bbox 170 3257 299 3323; x_wconf 78' lang='lat' dir='ltr'><strong>praeferre</strong></span> <span class='ocrx_word' id='word_1_290' title='bbox 313 3265 401 3320; x_wconf 81' lang='lat' dir='ltr'><strong>caput,</strong></span> <span class='ocrx_word' id='word_1_291' title='bbox 418 3260 533 3321; x_wconf 66' lang='lat' dir='ltr'><strong>relataque</strong></span> <span class='ocrx_word' id='word_1_292' title='bbox 548 3253 675 3304; x_wconf 73' lang='lat' dir='ltr'><strong>salutent?</strong></span> <span class='ocrx_word' id='word_1_293' title='bbox 740 3255 806 3319; x_wconf 84' lang='lat' dir='ltr'><strong>Nec,</strong></span> <span class='ocrx_word' id='word_1_294' title='bbox 820 3258 979 3322; x_wconf 67' lang='lat' dir='ltr'><strong>quodcumqae</strong></span> <span class='ocrx_word' id='word_1_295' title='bbox 993 3262 1068 3323; x_wconf 83' lang='lat' dir='ltr'><strong>velit,</strong></span> <span class='ocrx_word' id='word_1_296' title='bbox 1075 3267 1162 3324; x_wconf 82' lang='lat' dir='ltr'><strong>poscat</strong></span> <span class='ocrx_word' id='word_1_297' title='bbox 1174 3264 1211 3308; x_wconf 76' lang='lat' dir='ltr'><strong>si·</strong></span> 
     </span>
     <span class='ocr_line' id='line_1_31' title="bbox 174 3342 1210 3409; baseline 0.004 -18"><span class='ocrx_word' id='word_1_298' title='bbox 174 3343 245 3409; x_wconf 63' lang='lat' dir='ltr'><strong>{Non</strong></span> <span class='ocrx_word' id='word_1_299' title='bbox 262 3350 368 3408; x_wconf 79' lang='lat' dir='ltr'><strong>propter</strong></span> <span class='ocrx_word' id='word_1_300' title='bbox 383 3344 463 3389; x_wconf 79' lang='lat' dir='ltr'><strong>vitam</strong></span> <span class='ocrx_word' id='word_1_301' title='bbox 475 3343 581 3403; x_wconf 79' lang='lat' dir='ltr'><strong>sociant</strong></span> <span class='ocrx_word' id='word_1_302' title='bbox 591 3344 677 3407; x_wconf 80' lang='lat' dir='ltr'><strong>putri·</strong></span> <span class='ocrx_word' id='word_1_303' title='bbox 710 3343 736 3390; x_wconf 80' lang='lat' dir='ltr'><strong>ti</strong></span> <span class='ocrx_word' id='word_1_304' title='bbox 748 3342 840 3403; x_wconf 80' lang='lat' dir='ltr'><strong>fabulo</strong></span> <span class='ocrx_word' id='word_1_305' title='bbox 862 3345 938 3392; x_wconf 81' lang='lat' dir='ltr'><strong>credi.</strong></span> <span class='ocrx_word' id='word_1_306' title='bbox 964 3346 1017 3393; x_wconf 86' lang='lat' dir='ltr'><strong>Neo</strong></span> <span class='ocrx_word' id='word_1_307' title='bbox 1033 3345 1149 3395; x_wconf 86' lang='lat' dir='ltr'><strong>editiones</strong></span> <span class='ocrx_word' id='word_1_308' title='bbox 1162 3347 1210 3394; x_wconf 85' lang='lat' dir='ltr'><strong>iam</strong></span> 
     </span>
     <span class='ocr_line' id='line_1_32' title="bbox 172 3427 1210 3495; baseline 0.001 -17"><span class='ocrx_word' id='word_1_309' title='bbox 172 3431 256 3478; x_wconf 72' lang='lat' dir='ltr'><strong>monio</strong></span> <span class='ocrx_word' id='word_1_310' title='bbox 286 3428 403 3492; x_wconf 78' lang='lat' dir='ltr'><strong>quidam,</strong></span> <span class='ocrx_word' id='word_1_311' title='bbox 437 3428 486 3476; x_wconf 87' lang='lat' dir='ltr'><strong>Sed</strong></span> <span class='ocrx_word' id='word_1_312' title='bbox 513 3430 579 3477; x_wconf 82' lang='lat' dir='ltr'><strong>vitio</strong></span> <span class='ocrx_word' id='word_1_313' title='bbox 610 3430 675 3477; x_wconf 79' lang='lat' dir='ltr'><strong>coeci</strong></span> <span class='ocrx_word' id='word_1_314' title='bbox 706 3427 736 3476; x_wconf 87' lang='lat' dir='ltr'><strong>ab</strong></span> <span class='ocrx_word' id='word_1_315' title='bbox 752 3430 822 3476; x_wconf 87' lang='lat' dir='ltr'><strong>annis</strong></span> <span class='ocrx_word' id='word_1_316' title='bbox 843 3429 946 3494; x_wconf 87' lang='lat' dir='ltr'><strong>amplius</strong></span> <span class='ocrx_word' id='word_1_317' title='bbox 965 3441 1072 3479; x_wconf 86' lang='lat' dir='ltr'><strong>centnm:</strong></span> <span class='ocrx_word' id='word_1_318' title='bbox 1098 3442 1123 3479; x_wconf 88' lang='lat' dir='ltr'><strong>at</strong></span> <span class='ocrx_word' id='word_1_319' title='bbox 1144 3435 1210 3495; x_wconf 83' lang='lat' dir='ltr'><strong>prin-</strong></span> 
     </span>
     <span class='ocr_line' id='line_1_33' title="bbox 169 3513 1209 3581; baseline 0.001 -18"><span class='ocrx_word' id='word_1_320' title='bbox 169 3523 273 3580; x_wconf 81' lang='lat' dir='ltr'><strong>propter</strong></span> <span class='ocrx_word' id='word_1_321' title='bbox 288 3514 445 3578; x_wconf 74' lang='lat' dir='ltr'><strong>patrimonia</strong></span> <span class='ocrx_word' id='word_1_322' title='bbox 459 3513 569 3578; x_wconf 76' lang='lat' dir='ltr'><strong>vivum.)</strong></span> <span class='ocrx_word' id='word_1_323' title='bbox 593 3516 675 3563; x_wconf 81' lang='lat' dir='ltr'><strong>loeta·</strong></span> <span class='ocrx_word' id='word_1_324' title='bbox 707 3516 771 3579; x_wconf 86' lang='lat' dir='ltr'><strong>cipes</strong></span> <span class='ocrx_word' id='word_1_325' title='bbox 787 3514 845 3563; x_wconf 85' lang='lat' dir='ltr'><strong>illae</strong></span> <span class='ocrx_word' id='word_1_326' title='bbox 867 3531 921 3563; x_wconf 85' lang='lat' dir='ltr'><strong>cum</strong></span> <span class='ocrx_word' id='word_1_327' title='bbox 941 3515 1051 3581; x_wconf 85' lang='lat' dir='ltr'><strong>pluribus</strong></span> <span class='ocrx_word' id='word_1_328' title='bbox 1073 3515 1209 3581; x_wconf 85' lang='lat' dir='ltr'><strong>codicibus,</strong></span> 
     </span>
    </p>
   </div>
   <div class='ocr_carea' id='block_1_4' title="bbox 60 3599 1209 3664">
    <p class='ocr_par' dir='ltr' id='par_1_5' title="bbox 60 3599 1209 3664">
     <span class='ocr_line' id='line_1_34' title="bbox 60 3599 1209 3664; baseline 0.001 -14"><span class='ocrx_word' id='word_1_329' title='bbox 60 3608 74 3628; x_wconf 67' lang='lat'>²</span> <span class='ocrx_word' id='word_1_330' title='bbox 172 3609 216 3650; x_wconf 75' lang='lat' dir='ltr'><strong>tor</strong></span> <span class='ocrx_word' id='word_1_331' title='bbox 238 3615 321 3649; x_wconf 78' lang='lat' dir='ltr'><strong>rerum</strong></span> <span class='ocrx_word' id='word_1_332' title='bbox 344 3600 450 3646; x_wconf 77' lang='lat' dir='ltr'><strong>otiliam</strong></span> <span class='ocrx_word' id='word_1_333' title='bbox 468 3615 532 3663; x_wconf 84' lang='lat' dir='ltr'><strong>pora</strong></span> <span class='ocrx_word' id='word_1_334' title='bbox 546 3601 673 3648; x_wconf 68' lang='lat' dir='ltr'><strong>maniosa:</strong></span> <span class='ocrx_word' id='word_1_335' title='bbox 705 3599 876 3648; x_wconf 85' lang='lat' dir='ltr'><strong>vetustioribus</strong></span> <span class='ocrx_word' id='word_1_336' title='bbox 902 3610 967 3648; x_wconf 84' lang='lat' dir='ltr'><strong>certe</strong></span> <span class='ocrx_word' id='word_1_337' title='bbox 988 3600 1110 3664; x_wconf 88' lang='lat' dir='ltr'><strong>omnibus,</strong></span> <span class='ocrx_word' id='word_1_338' title='bbox 1135 3602 1209 3652; x_wconf 81' lang='lat' dir='ltr'><strong>Grae-</strong></span> 
     </span>
    </p>
   </div>
   <div class='ocr_carea' id='block_1_5' title="bbox 173 3682 1209 4180">
    <p class='ocr_par' dir='ltr' id='par_1_6' title="bbox 173 3682 1209 4180">
     <span class='ocr_line' id='line_1_35' title="bbox 173 3682 1209 3751; baseline 0.002 -15"><span class='ocrx_word' id='word_1_339' title='bbox 173 3687 220 3736; x_wconf 81' lang='lat' dir='ltr'><strong>eed</strong></span> <span class='ocrx_word' id='word_1_340' title='bbox 239 3702 282 3735; x_wconf 79' lang='lat' dir='ltr'><strong>nac</strong></span> <span class='ocrx_word' id='word_1_341' title='bbox 304 3687 403 3733; x_wconf 75' lang='lat' dir='ltr'><strong>Damna</strong></span> <span class='ocrx_word' id='word_1_342' title='bbox 427 3685 518 3732; x_wconf 64' lang='lat' dir='ltr'><strong>boant.</strong></span> <span class='ocrx_word' id='word_1_343' title='bbox 543 3684 612 3733; x_wconf 82' lang='lat' dir='ltr'><strong>Vides</strong></span> <span class='ocrx_word' id='word_1_344' title='bbox 633 3682 674 3733; x_wconf 92' lang='lat' dir='ltr'><strong>bic</strong></span> <span class='ocrx_word' id='word_1_345' title='bbox 706 3687 792 3748; x_wconf 84' lang='lat' dir='ltr'><strong>viano,</strong></span> <span class='ocrx_word' id='word_1_346' title='bbox 806 3685 929 3747; x_wconf 85' lang='lat' dir='ltr'><strong>Leidensi,</strong></span> <span class='ocrx_word' id='word_1_347' title='bbox 945 3685 1086 3750; x_wconf 83' lang='lat' dir='ltr'><strong>Reginensi,</strong></span> <span class='ocrx_word' id='word_1_348' title='bbox 1109 3687 1209 3751; x_wconf 78' lang='lat' dir='ltr'><strong>(Vossia-</strong></span> 
     </span>
     <span class='ocr_line' id='line_1_36' title="bbox 175 3768 1209 3837; baseline 0.001 -16"><span class='ocrx_word' id='word_1_349' title='bbox 175 3775 201 3821; x_wconf 89' lang='lat' dir='ltr'><strong>in</strong></span> <span class='ocrx_word' id='word_1_350' title='bbox 222 3771 324 3821; x_wconf 84' lang='lat' dir='ltr'><strong>mediam</strong></span> <span class='ocrx_word' id='word_1_351' title='bbox 339 3771 499 3818; x_wconf 81' lang='lat' dir='ltr'><strong>narrationem</strong></span> <span class='ocrx_word' id='word_1_352' title='bbox 520 3769 675 3820; x_wconf 85' lang='lat' dir='ltr'><strong>sententiolas</strong></span> <span class='ocrx_word' id='word_1_353' title='bbox 707 3787 751 3818; x_wconf 87' lang='lat' dir='ltr'><strong>nus</strong></span> <span class='ocrx_word' id='word_1_354' title='bbox 779 3769 820 3818; x_wconf 89' lang='lat' dir='ltr'><strong>bic</strong></span> <span class='ocrx_word' id='word_1_355' title='bbox 849 3768 940 3834; x_wconf 86' lang='lat' dir='ltr'><strong>deficit)</strong></span> <span class='ocrx_word' id='word_1_356' title='bbox 972 3772 1047 3819; x_wconf 80' lang='lat' dir='ltr'><strong>Ficta</strong></span> <span class='ocrx_word' id='word_1_357' title='bbox 1070 3775 1209 3837; x_wconf 74' lang='lat' dir='ltr'><strong>voluptatis</strong></span> 
     </span>
     <span class='ocr_line' id='line_1_37' title="bbox 173 3854 1208 3921; baseline 0.003 -16"><span class='ocrx_word' id='word_1_358' title='bbox 173 3857 217 3907; x_wconf 85' lang='lat' dir='ltr'><strong>bas</strong></span> <span class='ocrx_word' id='word_1_359' title='bbox 232 3855 338 3919; x_wconf 81' lang='lat' dir='ltr'><strong>intrudi,</strong></span> <span class='ocrx_word' id='word_1_360' title='bbox 363 3854 447 3920; x_wconf 87' lang='lat' dir='ltr'><strong>putide</strong></span> <span class='ocrx_word' id='word_1_361' title='bbox 464 3872 559 3921; x_wconf 87' lang='lat' dir='ltr'><strong>prorsus</strong></span> <span class='ocrx_word' id='word_1_362' title='bbox 581 3866 605 3904; x_wconf 91' lang='lat' dir='ltr'><strong>et</strong></span> <span class='ocrx_word' id='word_1_363' title='bbox 621 3872 675 3921; x_wconf 86' lang='lat' dir='ltr'><strong>per·</strong></span> <span class='ocrx_word' id='word_1_364' title='bbox 707 3872 795 3904; x_wconf 79' lang='lat' dir='ltr'><strong>caussa</strong></span> <span class='ocrx_word' id='word_1_365' title='bbox 822 3857 879 3903; x_wconf 76' lang='lat' dir='ltr'><strong>sint</strong></span> <span class='ocrx_word' id='word_1_366' title='bbox 905 3859 1022 3920; x_wconf 62' lang='lat' dir='ltr'><strong>prociona</strong></span> <span class='ocrx_word' id='word_1_367' title='bbox 1055 3861 1138 3907; x_wconf 80' lang='lat' dir='ltr'><strong>veris:</strong></span> <span class='ocrx_word' id='word_1_368' title='bbox 1167 3861 1208 3908; x_wconf 86' lang='lat' dir='ltr'><strong>Ne</strong></span> 
     </span>
     <span class='ocr_line' id='line_1_38' title="bbox 177 3940 1206 4008; baseline 0.003 -17"><span class='ocrx_word' id='word_1_369' title='bbox 177 3959 248 4006; x_wconf 84' lang='lat' dir='ltr'><strong>quam</strong></span> <span class='ocrx_word' id='word_1_370' title='bbox 270 3943 364 3991; x_wconf 87' lang='lat' dir='ltr'><strong>inscite.</strong></span> <span class='ocrx_word' id='word_1_371' title='bbox 402 3942 515 4005; x_wconf 81' lang='lat' dir='ltr'><strong>Quorsum</strong></span> <span class='ocrx_word' id='word_1_372' title='bbox 549 3945 612 3990; x_wconf 87' lang='lat' dir='ltr'><strong>euim</strong></span> <span class='ocrx_word' id='word_1_373' title='bbox 636 3940 869 4008; x_wconf 55' lang='lat' dir='ltr'><strong>bicpeodoamqoa</strong></span> <span class='ocrx_word' id='word_1_374' title='bbox 890 3945 967 4006; x_wconf 84' lang='lat' dir='ltr'><strong>volet,</strong></span> <span class='ocrx_word' id='word_1_375' title='bbox 985 3953 1074 4008; x_wconf 82' lang='lat' dir='ltr'><strong>poseat</strong></span> <span class='ocrx_word' id='word_1_376' title='bbox 1097 3947 1150 3993; x_wconf 72' lang='lat' dir='ltr'><strong>siti</strong></span> <span class='ocrx_word' id='word_1_377' title='bbox 1160 3947 1206 4006; x_wconf 88' lang='lat' dir='ltr'><strong>so·</strong></span> 
     </span>
     <span class='ocr_line' id='line_1_39' title="bbox 175 4023 1203 4094; baseline 0.006 -22"><span class='ocrx_word' id='word_1_378' title='bbox 175 4023 304 4085; x_wconf 71' lang='lat' dir='ltr'><strong>Quidam?</strong></span> <span class='ocrx_word' id='word_1_379' title='bbox 317 4042 371 4074; x_wconf 89' lang='lat' dir='ltr'><strong>cnm</strong></span> <span class='ocrx_word' id='word_1_380' title='bbox 382 4028 430 4074; x_wconf 85' lang='lat' dir='ltr'><strong>iam</strong></span> <span class='ocrx_word' id='word_1_381' title='bbox 443 4025 548 4089; x_wconf 84' lang='lat' dir='ltr'><strong>dixerat,</strong></span> <span class='ocrx_word' id='word_1_382' title='bbox 562 4042 674 4075; x_wconf 82' lang='lat' dir='ltr'><strong>nonnum</strong></span> <span class='ocrx_word' id='word_1_383' title='bbox 707 4028 763 4075; x_wconf 78' lang='lat' dir='ltr'><strong>buln</strong></span> <span class='ocrx_word' id='word_1_384' title='bbox 779 4029 854 4077; x_wconf 83' lang='lat' dir='ltr'><strong>credi.</strong></span> <span class='ocrx_word' id='word_1_385' title='bbox 876 4029 913 4076; x_wconf 91' lang='lat' dir='ltr'><strong>lta</strong></span> <span class='ocrx_word' id='word_1_386' title='bbox 934 4028 1002 4094; x_wconf 84' lang='lat' dir='ltr'><strong>loqui</strong></span> <span class='ocrx_word' id='word_1_387' title='bbox 1021 4040 1084 4078; x_wconf 91' lang='lat' dir='ltr'><strong>amat</strong></span> <span class='ocrx_word' id='word_1_388' title='bbox 1107 4032 1203 4088; x_wconf 82' lang='lat' dir='ltr'><strong>Noster3</strong></span> 
     </span>
     <span class='ocr_line' id='line_1_40' title="bbox 175 4109 1146 4180; baseline 0.004 -20"><span class='ocrx_word' id='word_1_389' title='bbox 175 4109 270 4180; x_wconf 83' lang='lat' dir='ltr'><strong>quidem</strong></span> <span class='ocrx_word' id='word_1_390' title='bbox 292 4109 344 4157; x_wconf 82' lang='lat' dir='ltr'><strong>ulla</strong></span> <span class='ocrx_word' id='word_1_391' title='bbox 360 4110 443 4159; x_wconf 87' lang='lat' dir='ltr'><strong>mundi</strong></span> <span class='ocrx_word' id='word_1_392' title='bbox 462 4121 531 4175; x_wconf 79' lang='lat' dir='ltr'><strong>parte</strong></span> <span class='ocrx_word' id='word_1_393' title='bbox 544 4114 617 4160; x_wconf 78' lang='lat' dir='ltr'><strong>vitam</strong></span> <span class='ocrx_word' id='word_1_394' title='bbox 633 4129 674 4176; x_wconf 84' lang='lat' dir='ltr'><strong>pn-</strong></span> <span class='ocrx_word' id='word_1_395' title='bbox 707 4111 761 4160; x_wconf 83' lang='lat' dir='ltr'><strong>vide</strong></span> <span class='ocrx_word' id='word_1_396' title='bbox 777 4130 848 4178; x_wconf 86' lang='lat' dir='ltr'><strong>supra</strong></span> <span class='ocrx_word' id='word_1_397' title='bbox 864 4130 896 4162; x_wconf 84' lang='lat' dir='ltr'><strong>vs.</strong></span> <span class='ocrx_word' id='word_1_398' title='bbox 915 4116 969 4163; x_wconf 80' lang='lat'>185.</span> <span class='ocrx_word' id='word_1_399' title='bbox 988 4115 1146 4164; x_wconf 76' lang='lat' dir='ltr'><strong>BEllTLEllS.</strong></span> 
     </span>
    </p>
   </div>
   <div class='ocr_carea' id='block_1_6' title="bbox 0 0 1380 4844">
    <p class='ocr_par' dir='ltr' id='par_1_7' title="bbox 0 0 1380 4844">
     <span class='ocr_line' id='line_1_41' title="bbox 0 0 1380 4844; baseline 0 5"><span class='ocrx_word' id='word_1_400' title='bbox 0 0 1380 4844; x_wconf 95' lang='lat' dir='ltr'><strong> </strong></span> 
     </span>
    </p>
   </div>
  </div>
 </body>
</html>
