2752 4844
113 381 116 390 Δ
186 391 227 456 28
447 397 659 461 HORATII
689 397 934 459 Erlstott

209 596 250 669 Et
272 599 433 671 iuvenum
458 602 526 672 ritu
549 599 671 673 florent
694 599 795 671 modo
819 606 897 670 neta
920 602 1105 697 virentque.

177 810 251 864 suat,
275 819 350 868 aeque
366 803 547 870 Aummorum,
564 815 611 856 aut
627 810 668 857 Si·
701 808 819 856 Saribite.
852 808 972 854 sermonis
993 809 1095 872 publiea
1109 809 1194 870 forma

177 904 306 953 carrorum,
323 899 369 940 aut
385 894 559 958 Pemsgorum,
573 896 669 945 sedue-
697 897 791 960 planet.
830 892 967 958 Metaphora
992 893 1056 942 haud
1086 893 1193 945 dissimili

177 980 243 1027 tatis
259 994 317 1027 serae
333 982 413 1029 aeriis
426 983 504 1029 locuti
519 989 671 1031 suat.—-
702 978 845 1030 Dioscorides
861 981 886 1028 in
901 977 1055 1043 dnthologia:
1082 979 1192 1045 Αἰσχύ-

119 1061 123 1072 ’
176 1066 227 1115 Sed
240 1069 418 1131 antiquitatem
438 1070 486 1116 tili
496 1072 596 1132 plaeere
612 1072 665 1132 ais,
700 1068 743 1126 λος
761 1067 888 1126 {idipsam
905 1064 1083 1124 reoaalieuru
1103 1068 1192 1133 χαρά-

176 1155 239 1216 quod
257 1157 358 1205 homesta
379 1164 405 1204 et
424 1159 482 1205 boaa
503 1165 529 1205 et
544 1160 625 1205 sobria
642 1167 667 1206 et
698 1160 745 1216 ξας
770 1158 796 1206 Γ
796 1161 934 1225 primaeua.
959 1165 987 1203 ut
1011 1155 1133 1204 Bentleius
1161 1156 1192 1206 ad

175 1241 283 1289 modesta
312 1245 367 1290 sit:
398 1243 453 1289 uiue
477 1259 535 1309 erga
558 1246 666 1293 maridas
697 1226 769 1292 huius
795 1244 913 1308 Epistulae
933 1260 968 1291 vs.
988 1244 1043 1291 441.
1069 1246 1190 1308 ingeniose

170 1329 337 1391 praeteritis5
355 1329 449 1390 loquere
462 1333 543 1379 verbis
551 1348 667 1395 praeseu-
699 1333 809 1380 correxit.
828 1330 893 1393 Quod
914 1347 986 1396 quum
1007 1329 1078 1394 plane
1100 1341 1192 1380 contra-

175 1414 259 1472 tibus5
273 1419 346 1474 atque
361 1414 403 1477 id,
417 1417 480 1477 quad
493 1433 509 1464 a
523 1419 549 1466 0.
565 1419 667 1466 Caesare
699 1419 760 1465 rium
777 1419 808 1465 sit
821 1417 869 1478 rei,
893 1415 921 1463 de
939 1432 984 1482 qua
1000 1417 1109 1475 Horatius
1126 1421 1190 1482 egit,
1243 1454 1245 1457 -

174 1499 205 1545 ia
220 1499 305 1561 primo
326 1499 355 1547 de
374 1501 499 1567 Analogia
520 1505 582 1550 lilro
603 1504 665 1550 seri·
681 1482 844 1550 ¹inserendum
866 1511 924 1565 puto
943 1501 1083 1566 particulam
1100 1505 1190 1568 negati-

170 1591 245 1647 ptum
261 1592 312 1646 est,
329 1586 387 1632 luade
402 1601 496 1651 sempor
511 1589 668 1635 iamemoriu
699 1603 764 1634 vam:
790 1588 866 1634 licuit
881 1600 1018 1656 semperque
1039 1588 1124 1635 iicebit
1148 1589 1191 1636 Si-

175 1679 248 1733 atque
263 1673 292 1718 ia
303 1679 415 1737 pectore,
432 1682 462 1722 ut
478 1683 601 1739 tamquam
617 1691 666 1723 soo-
695 1681 802 1740 gnatum
823 1673 888 1720 haud
903 1681 1035 1736 praesente
1055 1680 1113 1720 asta
1132 1690 1190 1738 pro·

170 1759 271 1822 putum,
293 1759 331 1805 sia
340 1758 440 1824 'fugias
460 1762 604 1808 inauditum
629 1769 667 1808 at·
699 1762 784 1808 cudere
796 1776 888 1808 mamea.
903 1761 980 1807 licuit
993 1775 1085 1823 semper
1098 1769 1122 1807 et
1133 1777 1193 1808 sem-

176 1859 221 1907 qae
233 1846 342 1892 insoleus
355 1847 459 1893 verbum.
473 1844 555 1907 Vides,
570 1847 665 1908 opinor,
699 1861 742 1909 per
750 1842 832 1891 licebit
843 1861 902 1891 nova
910 1861 988 1891 rerum
998 1846 1091 1892 nomina
1102 1845 1190 1909 facere,

174 1929 246 1978 verbe
257 1939 388 1994 praesente
404 1941 460 1978 uota
476 1933 581 1994 signata,
595 1928 667 1977 verba
700 1945 760 1993 quae
782 1928 881 1976 antehac
902 1931 1021 1993 incognita
1043 1940 1067 1978 et
1083 1932 1191 1981 inaudita

174 2019 320 2081 praeseutia,
344 2033 392 2064 esse
413 2013 498 2076 verba,
521 2031 567 2061 non
589 2009 664 2076 aava,
699 2017 882 2076 erant,nomina
900 2024 1007 2063 monetae
1023 2032 1190 2082 nonpracsen·

174 2101 216 2150 sed
236 2097 352 2167 eogaita,
376 2110 399 2147 et
421 2101 538 2148 communi
562 2115 607 2146 usu
629 2116 665 2146 re·
698 2100 742 2160 tis,
761 2115 830 2164 quam
847 2116 956 2163 praesens
972 2112 1036 2151 aetas
1051 2105 1152 2168 ignorat.
1178 2160 1181 2163 ,

173 2199 242 2254 cepta
258 2206 284 2237 ac
301 2190 412 2255 vigentia.
429 2189 523 2250 Omnia,
538 2187 665 2252 quaeBen·
733 2187 765 2233 Ut
781 2188 859 2234 siluae
866 2186 945 2247 sotiis
955 2204 1047 2252 proaos
1059 2198 1190 2239 mutuatur

173 2276 246 2325 tleius
270 2275 354 2338 affert,
382 2274 490 2340 exempla
514 2273 558 2321 hoc
583 2275 666 2321 confir·
698 2273 727 2320 ia
740 2289 823 2321 aaaos.
839 2273 943 2322 insolens
956 2277 1063 2340 proiecto
1076 2277 1190 2344 loquendi

173 2375 246 2414 mant.
268 2365 312 2428 Qui
328 2364 391 2428 apud
407 2362 571 2429 Symmachum
587 2376 665 2409 meae·
698 2361 1190 2430 genus,siluaeseliismuteatumquod-
1232 2397 1237 2406 .

174 2459 225 2499 tum
253 2452 369 2498 Tulliana
397 2450 485 2496 iaeade
505 2449 605 2510 fiarit,
643 2450 664 2495 is
696 2464 742 2512 que
758 2446 839 2508 nullo,
861 2456 889 2493 ut
905 2449 1002 2512 opinor,
1021 2449 1128 2515 exemplo
1145 2450 1190 2499 de-

173 2539 244 2586 finxit
265 2554 330 2599 eam,
357 2552 417 2601 quae
442 2545 499 2584 tuno
522 2551 581 2582 nova
603 2543 661 2581 erat,
696 2533 763 2581 fendi
784 2542 826 2580 aut
851 2535 957 2580 excusari
981 2544 1067 2600 potest.
1096 2536 1123 2584 ln
1144 2535 1189 2584 hac

173 2624 332 2690 Quintilianus
362 2621 508 2671 commendat
536 2639 665 2670 sermonem
698 2622 871 2669 constructione
884 2620 982 2685 legerim
998 2622 1091 2686 potius,
1108 2631 1189 2670 mutn-

172 2720 329 2775 eeasuetum,
345 2711 488 2776 publicum,
514 2709 556 2758 alii
578 2726 664 2757 sermo·
696 2710 760 2756 tione
777 2708 888 2769 minima,
909 2709 942 2754 Ut
957 2709 1035 2755 silum
1043 2708 1189 2772 soliispro·

172 2815 227 2849 uem
246 2775 506 2863 publicae'moaetae,
532 2796 666 2843 communis
697 2810 741 2841 aas
762 2793 888 2841 audeatur
908 2795 937 2840 ia
957 2810 1042 2843 aaaos.
1064 2794 1142 2843 Cicero
1163 2797 1189 2844 in

173 2893 297 2946 moratae,
320 2882 383 2949 quod
406 2882 469 2932 idem
490 2890 525 2929 est
548 2899 574 2930 ac
591 2896 666 2945 prae·
697 2881 802 2929 Arateis:
825 2882 959 2929 Derrudaat
971 2881 1051 2941 soliis
1067 2897 1149 2931 remos
1163 2891 1189 2931 et

173 2975 254 3022 sentus
274 2979 397 3033 menatae,
414 2971 560 3035 praesentis
580 2977 659 3017 actae.
693 2971 782 3017 cortice
800 2977 905 3018 trames.
923 2968 1064 3017 Claudianus
1080 2968 1109 3018 de
1122 2970 1188 3018 Bello

173 3062 244 3120 Plane
255 3070 283 3107 ut
295 3056 448 3107 Lucienusin
461 3056 596 3122 Lexiphene
606 3058 631 3105 T.
640 3058 660 3105 1.
693 3057 774 3105 Getico
795 3064 818 3106 ν.
834 3059 890 3105 las.
916 3056 1025 3120 Frigida
1048 3063 1088 3103 ter
1107 3056 1187 3105 decies

174 3144 211 3194 ed.
228 3145 310 3192 Graev.
324 3159 378 3208 pag.
390 3143 445 3191 836.
459 3141 607 3207 Lexiphaues
620 3140 662 3189 ha·
693 3140 952 3200 audatumsreadilus
962 3144 1081 3192 Haemum
1096 3145 1187 3191 Teadit

172 3232 291 3282 bethunc
306 3228 426 3278 morbum:
448 3231 518 3294 ἡμᾶς
533 3229 597 3286 τοὺς
614 3231 664 3278 νῦν
696 3230 775 3278 hiems
791 3231 883 3276 vestire
895 3231 963 3294 gelu.
986 3231 1067 3281 Senes,
1089 3231 1185 3296 llippol.

173 3319 403 3389 προσομιλοῦντας
421 3318 586 3377 καταλιπὼν,
611 3321 663 3385 πρὸ
695 3321 751 3368 966.
772 3320 874 3368 Utauae
890 3335 963 3367 cauae
971 3319 1077 3384 frigora
1090 3320 1187 3365 dransae

175 3408 266 3474 χιλίων
296 3406 362 3455 ἐτῶν
387 3407 452 3469 ἡμῖν
487 3405 662 3469 διαλέγεται,
693 3406 796 3455 Nudaut
811 3409 906 3455 siluas:
930 3423 994 3454 auae
1010 3407 1120 3454 arbustis
1136 3406 1186 3452 lte-

174 3492 340 3559 treocaleos
373 3495 424 3556 τὴν
457 3489 582 3553 γλῶτταν
616 3491 663 3539 καὶ
695 3492 769 3539 deaut
784 3495 889 3541 umbrae.
907 3483 1023 3556 Severus,
1035 3504 1104 3558 poeta
1117 3492 1187 3540 Chri-

173 3582 257 3632 ταυτὶ
288 3581 323 3628 τὰ
350 3577 485 3626 ἀλλόκοτα
511 3577 666 3635 συντιθεὶς,
699 3579 804 3641 stianus:
833 3580 911 3636 Qeeam
926 3581 1014 3626 multis
1026 3579 1106 3639 soliis
1121 3581 1187 3628 silea

174 3671 220 3720 καὶ
238 3666 360 3731 σπουδὴν
376 3664 534 3724 ποιούμενος
550 3662 591 3712 ἐπ’
611 3663 664 3713 αὐ·
696 3665 839 3713 cadeatidus
858 3666 989 3728 Nutriatur,
1007 3667 1104 3730 gelidis
1119 3675 1187 3715 tacta

174 3762 245 3815 τοῖς,
271 3753 304 3812 ὡς
327 3753 363 3820 δή
383 3772 409 3803 τι
433 3753 503 3816 μέγα
525 3751 571 3809 ὃν,
595 3749 620 3801 el'
636 3770 665 3800 τι
697 3754 860 3815 aquilonibus.
882 3753 923 3800 tel
933 3751 1013 3800 eadem
1026 3771 1120 3818 prorsus
1130 3773 1187 3804 sen-

174 3845 286 3907 ξενίζοι,
313 3843 359 3890 aul
379 3843 596 3906 eduareaeauic
616 3844 665 3904 τῆς
696 3840 772 3886 tentia
785 3838 959 3905 legerim‚levi
971 3842 1029 3888 item
1042 3843 1185 3905 mutatione,

175 3936 260 3996 φωνῆς
284 3931 464 3999 παρακόπτοι.
491 3939 515 3977 et
531 3926 595 3976 Ouid,
616 3926 667 3975 Art.
704 3926 736 3972 Ut
756 3928 835 3974 siloae
849 3927 929 3987 sotiis
941 3943 1034 3991 prauos
1050 3928 1187 3976 viduaretur

174 4021 250 4069 dmm.
273 4018 314 4065 111.
331 4017 391 4064 tre:
411 4017 506 4065 Muada
521 4017 594 4064 sede
617 4029 666 4061 me-
697 4015 1184 4076 iaauaos.PlaneutNosterGarm.‚ll‚⁰.

176 4107 234 4168 dio,
261 4108 420 4164 commataque
451 4104 541 4163 verbu,
568 4100 665 4164 puellae
697 4098 751 4148 Aut
763 4098 841 4158 sotiis
862 4099 998 4148 videamur
1015 4102 1079 4150 oreti.
1103 4099 1186 4166 Virgil.
