2752 4844
533 398 593 458 tlt
623 397 839 458 elsottes.

210 601 340 671 Scimus
363 597 566 669 inurbanum
587 595 700 692 lepido
721 619 879 692 seponere
902 599 1011 692 dicto,

171 822 272 871 Attende
293 800 360 872 sddee
375 822 406 871 ad
422 821 485 871 illud
499 786 587 883 rosio
603 821 664 868 Piso-
698 818 727 868 de
740 820 851 886 indignus
866 832 918 886 est,
935 834 978 873 sut
992 842 1033 875 vos
1049 835 1074 874 et
1087 836 1130 892 e‘go
1146 845 1193 877 uon

172 925 221 957 nce.
239 910 352 974 Perquam
365 907 456 956 seilicet
467 915 564 956 venuste
572 922 668 971 respon·
698 905 856 972 intelligimus
868 907 927 974 quid
938 913 970 959 sit
979 910 1096 970 urbanum
1110 923 1134 962 et
1147 932 1195 962 mo·

172 992 212 1041 det
228 992 323 1052 Noster;
348 995 369 1041 si
382 1009 420 1041 eos
437 993 479 1058 qui
495 990 532 1056 (ut
552 988 606 1038 vult
621 991 666 1038 Da·
698 987 814 1040 dolatum.
839 978 917 1041 'lanus
941 995 1102 1045 Bronlrhusius
1124 1000 1195 1047 etiam

173 1078 267 1142 cierius)
288 1080 336 1126 inm
357 1077 466 1126 Plautum
486 1078 579 1124 Graecis
595 1092 666 1141 oppo·
694 1078 784 1139 proavi
799 1081 882 1125 nostri
897 1081 995 1142 reiecit,
1011 1083 1068 1147 quia
1083 1083 1194 1132 Horatius

173 1173 285 1226 suerent,
302 1179 341 1212 eos
352 1165 447 1228 inquam
463 1164 525 1227 ipsos
538 1162 618 1209 statim
626 1177 668 1226 ep-
699 1177 797 1226 proavos
810 1169 863 1210 suo's
878 1164 952 1212 citare
964 1181 1012 1213 nou
1025 1169 1114 1232 potuit.
1130 1167 1196 1217 Idem

172 1249 265 1315 pellat,
282 1259 310 1297 ut
331 1265 409 1297 secum
423 1249 552 1296 sentientes
565 1256 590 1294 et
602 1246 671 1293 Plau·
702 1245 748 1315 duo
756 1247 930 1301 Ciceronisloce
943 1249 1071 1314 indicavit,
1083 1268 1156 1301 unum
1166 1270 1197 1302 ex

174 1345 225 1382 tum
246 1333 310 1382 haud
333 1335 412 1399 magni
428 1333 586 1381 aestimantes.
604 1331 669 1378 BEN·
705 1330 849 1380 Oretiomll
864 1332 962 1398 Agraria
981 1337 1011 1398 θ,
1041 1336 1143 1386 alterum
1168 1355 1198 1386 ex

173 1420 276 1469 TLEIYS,
461 1418 463 1423 '
699 1416 762 1465 Orat.
779 1417 883 1484 Philipp.
900 1420 984 1482 IV,=5.
1017 1422 1046 1471 ln
1060 1421 1104 1471 illo
1117 1425 1196 1473 Cicero

123 1506 126 1510 ⁴
204 1505 255 1553 Non
268 1521 342 1570 peuce
351 1513 407 1553 sunt
417 1503 477 1550 MSS.
492 1504 518 1550 in
531 1500 618 1567 quibus
627 1518 669 1550 no·
700 1500 775 1550 dixit:
798 1502 885 1551 Nolite
905 1505 1018 1555 dubitare
1034 1509 1145 1572 plurimo
1158 1527 1199 1559 su-

173 1594 224 1639 stri
238 1590 335 1656 legitur.
353 1590 383 1637 Ni
398 1589 531 1654 legeretur,
546 1590 627 1635 nostri
643 1596 668 1635 et
700 1588 756 1635 dore
779 1596 805 1635 et
825 1592 948 1654 sanguine
969 1575 1090 1642 mmmm
1105 1604 1198 1645 vestro·

173 1679 253 1725 vestri
268 1672 367 1740 (vostri)
384 1677 408 1723 in
428 1673 488 1721 tiss,
506 1675 594 1721 centies
615 1689 669 1721 cou-
701 1688 756 1720 rtem
766 1681 882 1738 portam,
898 1677 1012 1741 nobisque
1028 1681 1150 1729 nuditum
1166 1684 1198 1730 tt·

173 1761 321 1823 funduntur,
338 1759 396 1809 adeo
404 1758 513 1824 quidem,
522 1767 550 1806 ut
565 1759 668 1821 eortius,
702 1760 836 1821 dertaterrs,
853 1762 920 1809 nudo
935 1770 1017 1812 vestro
1032 1766 1126 1830 ledere,
1145 1782 1201 1815 con-⁴

173 1850 216 1913 qui
239 1847 353 1912 plurimo³
376 1843 469 1893 Codices
489 1846 613 1906 tractavit,
638 1842 668 1892 ad
700 1845 753 1892 stile
776 1844 902 1910 odiutme,
924 1848 1063 1912 desmidere5
1080 1853 1106 1900 iu
1121 1852 1197 1902 altero

178 1932 339 1994 Lucanuml,
360 1933 392 1978 33
408 1939 508 1978 testatus
523 1930 570 1992 sit,
592 1924 665 1977 libra·
697 1929 762 1978 loco:
789 1945 849 1992 quoe
863 1930 958 1997 (virtus)
971 1938 1076 1999 proprio
1098 1940 1199 1987 estido-

173 2021 220 2068 rios
244 2021 291 2067 iste
312 2018 449 2083 pronomina
472 2031 593 2080 nunquam
617 2030 671 2063 cum
702 2016 772 2062 muni
780 2018 884 2080 genesis
900 2033 929 2065 ao
944 2021 1056 2070 seminis.
1078 2023 1200 2073 Honore·

174 2118 230 2153 cura
246 2103 389 2152 distinxisse.
406 2102 499 2149 Nostri
514 2102 670 2163 proavisunt
703 2101 799 2163 tinere,
815 2116 915 2165 priamo,
934 2103 1063 2169 Quirites,
1077 2096 1149 2171 queis
1161 2118 1201 2158 vo·

174 2189 246 2239 verbe
262 2191 379 2237 Pisonum.
396 2187 433 2234 lta
448 2201 519 2250 supra
538 2184 669 2249 explicavi,
703 2185 755 2246 dis,
778 2192 901 2248 tamquam
916 2188 1108 2254 hoereditatem,
1124 2195 1201 2241 maio-

174 2276 280 2325 uesciens
303 2275 350 2321 iam
365 2270 483 2319 (insolam
500 2279 525 2317 et
540 2270 674 2317 Dacie‘rium
705 2284 746 2316 res
761 2271 842 2317 vestri
856 2272 1019 2334 reliquerunt.
1031 2301 1065 2312 -·
1080 2276 1203 2327 Hae-vir.

174 2360 237 2410 idem
254 2358 379 2408 censuisse.
396 2354 457 2419 Quid
470 2356 496 2403 in
507 2371 534 2402 eo
550 2354 674 2403 duriuscu·
707 2361 761 2402 tote
776 2357 882 2404 maiores
892 2359 973 2405 vestri
979 2361 1091 2422 primum
1102 2365 1203 2412 univer·

174 2448 225 2495 lum
247 2453 316 2512 putet
337 2434 471 2502 lictorius,
489 2457 536 2488 non
551 2439 671 2504 intelligo.
705 2454 758 2487 earn
790 2441 895 2489 Italiam
926 2442 1081 2509 devicerunt,
1115 2447 1205 2498 Modo

175 2533 285 2581 Horatius
305 2529 351 2577 hoc
371 2525 485 2593 loquendi
507 2542 582 2591 genus
603 2541 672 2590 saepe
707 2525 885 2591 Carthaginem
908 2529 1061 2579 ceciderant.
1098 2533 1204 2599 Apparet

175 2617 242 2667 modo
259 2616 327 2681 longe
344 2613 438 2662 duriore
451 2610 569 2659 adhibuit.
591 2610 673 2658 Exem-
704 2610 837 2659 Ciceronem
849 2612 964 2661 neutrubi
971 2615 1021 2663 sine
1033 2626 1100 2665 metu
1113 2618 1203 2669 iacten-

177 2705 218 2771 ple
233 2712 288 2752 sunt
303 2699 387 2750 inhac
402 2697 569 2768 ipsaEpistole
582 2698 672 2758 vslss,
705 2697 754 2743 tiae
777 2704 802 2742 et
825 2695 929 2744 invidiae
953 2699 1073 2764 appellere
1097 2706 1204 2767 potuisse
1279 2740 1281 2747 .

176 2793 238 2852 229,
260 2790 322 2849 326,
342 2787 406 2849 410,
422 2785 478 2832 tos.
498 2781 573 2829 Multo
594 2790 674 2828 eutem
706 2788 803 2828 nostros
817 2782 937 2845 maiores,
954 2784 997 2848 qui
1014 2795 1074 2834 esset
1091 2788 1142 2852 ipse
1161 2789 1204 2838 Ar.

176 2877 254 2924 minus
262 2874 378 2940 perspicio
386 2868 448 2917 illud
456 2866 597 2928 absurdum,
610 2864 674 2931 quod
705 2867 786 2930 pinse,
801 2875 840 2928 et,
854 2864 917 2931 quod
930 2867 1012 2916 laudat
1020 2871 1046 2918 in
1059 2870 1201 2938 maioribus}

111 2960 113 2966 ’
176 2959 299 3009 Bentlcius
327 2958 353 3004 iu
386 2953 543 3019 explicatione
566 2952 674 2999 Decierie
705 2950 751 2999 hoc
771 2951 881 3014 Romani,
907 2953 998 3001 incolae
1021 2955 1088 3005 urhis
1100 2955 1202 3023 Romae,

177 3043 338 3111 reprehendit.
367 3039 503 3100 Bentleius,
536 3039 563 3086 ni
588 3035 674 3099 fallor,
706 3038 829 3102 gesserint.
845 3037 878 3086 dc
892 3039 990 3088 fortmse
1004 3051 1087 3106 erunt,
1104 3046 1203 3112 quipu.

176 3132 222 3180 hoc
245 3129 311 3178 vult:
333 3128 427 3175 Pisones
447 3123 556 3172 Plautum
579 3123 673 3170 Graecis
705 3131 774 3186 tent,
805 3123 938 3172 Ciceronem
970 3128 1042 3175 etiem
1073 3129 1203 3181 modestius

177 3222 347 3284 opposuerant;
363 3227 426 3260 nunc
441 3208 520 3257 subito
532 3209 628 3257 lloratio
637 3225 672 3256 es·
704 3208 778 3257 fuisse
794 3209 936 3274 scripturum
952 3213 1064 3277 vobisque
1080 3218 1203 3266 traditam

177 3304 313 3352 sentiuntur
334 3297 487 3347 et·Plautum
509 3303 670 3344 contemnunt.
703 3294 850 3344 libertatem.
863 3295 965 3362 Utraque
972 3297 1088 3350 ciceroni,
1095 3302 1202 3354 locam

177 3364 223 3436 Sed
237 3389 331 3435 Pisones
345 3400 392 3432 non
413 3381 508 3443 dixere,
533 3378 591 3445 quid
612 3381 672 3445 ipsi,
705 3379 1014 3448 faciuntedHoretienum,
1027 3380 1204 3453 nisiquetenus

177 3490 259 3522 verum
280 3472 378 3520 maiores
394 3467 423 3516 de
446 3467 530 3516 Plauto
548 3467 671 3514 sentirent.
704 3465 814 3514 Horatius
830 3467 880 3531 ipse
902 3467 932 3516 ed
947 3470 1040 3520 Pisones
1060 3471 1138 3522 ,ficem
1153 3491 1202 3524 non

177 3561 206 3606 Et
221 3557 266 3605 hoc
279 3567 330 3605 erat
343 3553 478 3604 modestius.
494 3552 571 3615 Atque
584 3551 619 3598 ita
627 3549 673 3596 llo·
704 3552 810 3615 potuerit
822 3554 905 3600 nostri
910 3557 1008 3617 proavi,
1022 3557 1099 3622 Atque
1115 3557 1160 3607 ἧσο
1171 3569 1202 3608 ut

177 3643 254 3691 retius
272 3657 311 3690 eos
326 3639 426 3688 liberius
441 3637 547 3686 refutare
565 3642 673 3700 poterat,
706 3634 814 3684 Bentleio
827 3637 988 3703 concedimus,
1005 3642 1040 3689 sio
1055 3642 1136 3691 eadem
1151 3661 1202 3694 0350

171 3738 204 3788 ‘et
220 3727 335 3774 refutavit
343 3724 445 3772 modeste
456 3721 527 3771 simul
536 3729 560 3768 et
573 3718 671 3783 callide,
705 3721 814 3770 Pisonum
828 3722 901 3771 verba
916 3734 1031 3775 tenemus.
1047 3729 1141 3777 luteres
1157 3746 1200 3795 pro

178 3827 305 3879 provocans
316 3809 346 3858 ad
354 3811 458 3874 ipsorum
469 3823 561 3856 sensum
575 3815 600 3854 et
613 3802 676 3853 iudi·
706 3807 798 3855 mirati
812 3808 888 3855 multo
901 3809 1033 3873 elegantius
1046 3821 1108 3860 esset
1116 3815 1202 3864 mudn-

179 3901 250 3947 cium.
275 3896 402 3955 Fecerunt,
423 3895 515 3958 iuquit,
532 3909 547 3940 o
565 3892 672 3952 Pisones,
705 3899 774 3941 runt.
798 3891 918 3942 Pisones,
951 3893 988 3942 At
1010 3897 1094 3944 nostri
1109 3902 1201 3962 proavi

179 3984 224 4032 hoc
240 3984 313 4031 vestri
333 3980 422 4046 proavi.
444 3976 489 4025 Sed
510 3978 619 4024 fecerunt
639 3977 676 4023 in-
707 3978 840 4026 Plautinos
854 3983 880 4023 et
895 3993 1006 4026 numeros
1021 3988 1047 4028 et
1062 3981 1203 4035 Madame

181 4067 335 4119 considerate.
352 4066 464 4114 Numani
479 4061 578 4111 Plautus
591 4062 677 4111 celan·
709 4065 781 4112 soies.
798 4061 941 4112 notitiis,
955 4064 1204 4134 ll'imiompattmer
