<?xml version="1.0" encoding="UTF-8"?>
<!DOCTYPE html PUBLIC "-//W3C//DTD XHTML 1.0 Transitional//EN"
    "http://www.w3.org/TR/xhtml1/DTD/xhtml1-transitional.dtd">
<html xmlns="http://www.w3.org/1999/xhtml" xml:lang="en" lang="en">
 <head>
  <title>
</title>
<meta http-equiv="Content-Type" content="text/html;charset=utf-8" />
  <meta name='ocr-system' content='tesseract 3.04.00' />
  <meta name='ocr-capabilities' content='ocr_page ocr_carea ocr_par ocr_line ocrx_word'/>
</head>
<body>
  <div class='ocr_page' id='page_1' title='image "./qhoratiiflaccie01horagoog_0036.png"; bbox 0 0 2752 4844; ppageno 0'>
   <div class='ocr_carea' id='block_1_1' title="bbox 537 391 1192 461">
    <p class='ocr_par' dir='ltr' id='par_1_1' title="bbox 537 391 1192 461">
     <span class='ocr_line' id='line_1_1' title="bbox 537 391 1192 461; baseline -0.008 0"><span class='ocrx_word' id='word_1_1' title='bbox 537 396 598 461; x_wconf 78' lang='lat' dir='ltr'><strong>Al)</strong></span> <span class='ocrx_word' id='word_1_2' title='bbox 629 393 845 460; x_wconf 71' lang='lat' dir='ltr'><strong>mseras,</strong></span> <span class='ocrx_word' id='word_1_3' title='bbox 1150 391 1192 456; x_wconf 78' lang='lat'><strong>27</strong></span> 
     </span>
    </p>
   </div>
   <div class='ocr_carea' id='block_1_2' title="bbox 209 594 1165 690">
    <p class='ocr_par' dir='ltr' id='par_1_2' title="bbox 209 594 1165 690">
     <span class='ocr_line' id='line_1_2' title="bbox 209 594 1165 690; baseline -0.002 -20"><span class='ocrx_word' id='word_1_4' title='bbox 209 598 320 672; x_wconf 87' lang='lat' dir='ltr'><strong>Prima</strong></span> <span class='ocrx_word' id='word_1_5' title='bbox 341 599 489 690; x_wconf 78' lang='lat' dir='ltr'><strong>oadunt3</strong></span> <span class='ocrx_word' id='word_1_6' title='bbox 513 600 560 672; x_wconf 84' lang='lat' dir='ltr'><strong>ita</strong></span> <span class='ocrx_word' id='word_1_7' title='bbox 582 599 764 674; x_wconf 84' lang='lat' dir='ltr'><strong>verborum</strong></span> <span class='ocrx_word' id='word_1_8' title='bbox 791 606 889 673; x_wconf 81' lang='lat' dir='ltr'><strong>vetus</strong></span> <span class='ocrx_word' id='word_1_9' title='bbox 912 594 1029 669; x_wconf 85' lang='lat' dir='ltr'><strong>interit·</strong></span> <span class='ocrx_word' id='word_1_10' title='bbox 1047 601 1165 689; x_wconf 80' lang='lat' dir='ltr'><strong>aetna,</strong></span> 
     </span>
    </p>
   </div>
   <div class='ocr_carea' id='block_1_3' title="bbox 172 803 1245 2344">
    <p class='ocr_par' dir='ltr' id='par_1_3' title="bbox 172 803 1245 2344">
     <span class='ocr_line' id='line_1_3' title="bbox 180 803 1197 871; baseline -0.002 -17"><span class='ocrx_word' id='word_1_11' title='bbox 180 819 313 854; x_wconf 70' lang='lat' dir='ltr'><strong>mmmum.</strong></span> <span class='ocrx_word' id='word_1_12' title='bbox 337 803 363 854; x_wconf 91' lang='lat' dir='ltr'><strong>Si</strong></span> <span class='ocrx_word' id='word_1_13' title='bbox 384 803 446 855; x_wconf 81' lang='lat' dir='ltr'><strong>dicas</strong></span> <span class='ocrx_word' id='word_1_14' title='bbox 468 822 570 871; x_wconf 79' lang='lat' dir='ltr'><strong>nuncu,</strong></span> <span class='ocrx_word' id='word_1_15' title='bbox 592 807 674 858; x_wconf 75' lang='lat' dir='ltr'><strong>dixisti</strong></span> <span class='ocrx_word' id='word_1_16' title='bbox 706 809 814 857; x_wconf 82' lang='lat' dir='ltr'><strong>uenient.</strong></span> <span class='ocrx_word' id='word_1_17' title='bbox 846 807 884 854; x_wconf 87' lang='lat' dir='ltr'><strong>Ita</strong></span> <span class='ocrx_word' id='word_1_18' title='bbox 912 803 991 854; x_wconf 87' lang='lat' dir='ltr'><strong>dicere</strong></span> <span class='ocrx_word' id='word_1_19' title='bbox 1012 803 1092 868; x_wconf 85' lang='lat' dir='ltr'><strong>potuit</strong></span> <span class='ocrx_word' id='word_1_20' title='bbox 1112 818 1197 852; x_wconf 81' lang='lat' dir='ltr'><strong>omnen</strong></span> 
     </span>
     <span class='ocr_line' id='line_1_4' title="bbox 180 889 1196 960; baseline 0 -20"><span class='ocrx_word' id='word_1_21' title='bbox 180 893 292 959; x_wconf 86' lang='lat' dir='ltr'>proprie,</span> <span class='ocrx_word' id='word_1_22' title='bbox 314 893 334 940; x_wconf 89' lang='lat' dir='ltr'><strong>si</strong></span> <span class='ocrx_word' id='word_1_23' title='bbox 345 908 482 958; x_wconf 87' lang='lat' dir='ltr'><strong>nummum,</strong></span> <span class='ocrx_word' id='word_1_24' title='bbox 501 895 616 960; x_wconf 82' lang='lat' dir='ltr'><strong>figurate:</strong></span> <span class='ocrx_word' id='word_1_25' title='bbox 633 912 675 945; x_wconf 86' lang='lat' dir='ltr'><strong>no·</strong></span> <span class='ocrx_word' id='word_1_26' title='bbox 702 895 837 960; x_wconf 77' lang='lat' dir='ltr'><em>procudere</em></span> <span class='ocrx_word' id='word_1_27' title='bbox 857 893 902 943; x_wconf 87' lang='lat' dir='ltr'><strong>hae</strong></span> <span class='ocrx_word' id='word_1_28' title='bbox 922 893 961 941; x_wconf 83' lang='lat' dir='ltr'><strong>uel</strong></span> <span class='ocrx_word' id='word_1_29' title='bbox 976 889 1021 938; x_wconf 84' lang='lat' dir='ltr'><strong>illa</strong></span> <span class='ocrx_word' id='word_1_30' title='bbox 1035 898 1095 937; x_wconf 86' lang='lat' dir='ltr'><strong>nota</strong></span> <span class='ocrx_word' id='word_1_31' title='bbox 1109 891 1196 953; x_wconf 77' lang='lat' dir='ltr'><strong>signa·</strong></span> 
     </span>
     <span class='ocr_line' id='line_1_5' title="bbox 176 979 1196 1046; baseline 0.005 -21"><span class='ocrx_word' id='word_1_32' title='bbox 176 994 234 1025; x_wconf 39' lang='lat' dir='ltr'><strong>&gt;men</strong></span> <span class='ocrx_word' id='word_1_33' title='bbox 266 993 357 1043; x_wconf 86' lang='lat' dir='ltr'><strong>semper</strong></span> <span class='ocrx_word' id='word_1_34' title='bbox 381 988 460 1029; x_wconf 89' lang='lat' dir='ltr'><strong>tamen</strong></span> <span class='ocrx_word' id='word_1_35' title='bbox 483 983 610 1046; x_wconf 83' lang='lat' dir='ltr'><strong>cogitatur.</strong></span> <span class='ocrx_word' id='word_1_36' title='bbox 643 983 671 1029; x_wconf 86' lang='lat' dir='ltr'><strong>Et</strong></span> <span class='ocrx_word' id='word_1_37' title='bbox 705 989 773 1045; x_wconf 90' lang='lat' dir='ltr'><strong>tum,</strong></span> <span class='ocrx_word' id='word_1_38' title='bbox 788 997 845 1032; x_wconf 80' lang='lat' dir='ltr'><strong>uon</strong></span> <span class='ocrx_word' id='word_1_39' title='bbox 869 979 946 1029; x_wconf 80' lang='lat' dir='ltr'>dicere</span> <span class='ocrx_word' id='word_1_40' title='bbox 968 981 1048 1045; x_wconf 85' lang='lat' dir='ltr'><strong>potuit</strong></span> <span class='ocrx_word' id='word_1_41' title='bbox 1072 995 1196 1030; x_wconf 83' lang='lat' dir='ltr'><strong>nummum</strong></span> 
     </span>
     <span class='ocr_line' id='line_1_6' title="bbox 178 1067 1244 1134; baseline 0.001 -19"><span class='ocrx_word' id='word_1_42' title='bbox 178 1069 320 1130; x_wconf 85' lang='lat' dir='ltr'><strong>comparatio</strong></span> <span class='ocrx_word' id='word_1_43' title='bbox 333 1067 396 1114; x_wconf 87' lang='lat' dir='ltr'><strong>inter</strong></span> <span class='ocrx_word' id='word_1_44' title='bbox 410 1069 449 1114; x_wconf 89' lang='lat' dir='ltr'><strong>ius</strong></span> <span class='ocrx_word' id='word_1_45' title='bbox 471 1069 566 1114; x_wconf 87' lang='lat' dir='ltr'><strong>nurnmi</strong></span> <span class='ocrx_word' id='word_1_46' title='bbox 581 1077 606 1116; x_wconf 90' lang='lat' dir='ltr'><strong>et</strong></span> <span class='ocrx_word' id='word_1_47' title='bbox 626 1085 669 1117; x_wconf 92' lang='lat' dir='ltr'><strong>ne-</strong></span> <span class='ocrx_word' id='word_1_48' title='bbox 695 1069 841 1134; x_wconf 83' lang='lat' dir='ltr'><strong>preoudere,</strong></span> <span class='ocrx_word' id='word_1_49' title='bbox 874 1070 930 1134; x_wconf 89' lang='lat' dir='ltr'><strong>quia</strong></span> <span class='ocrx_word' id='word_1_50' title='bbox 964 1076 1015 1115; x_wconf 87' lang='lat' dir='ltr'><strong>turn</strong></span> <span class='ocrx_word' id='word_1_51' title='bbox 1053 1069 1195 1133; x_wconf 85' lang='lat' dir='ltr'><strong>comparatio</strong></span> <span class='ocrx_word' id='word_1_52' title='bbox 1241 1071 1244 1078; x_wconf 87' lang='grc'><em>“</em></span> 
     </span>
     <span class='ocr_line' id='line_1_7' title="bbox 178 1134 1195 1216; baseline 0.005 -18"><span class='ocrx_word' id='word_1_53' title='bbox 178 1152 258 1199; x_wconf 88' lang='lat' dir='ltr'><strong>minis</strong></span> <span class='ocrx_word' id='word_1_54' title='bbox 286 1134 431 1216; x_wconf 85' lang='lat' dir='ltr'><strong>procudendi</strong></span> <span class='ocrx_word' id='word_1_55' title='bbox 455 1151 513 1200; x_wconf 92' lang='lat' dir='ltr'><strong>adeo</strong></span> <span class='ocrx_word' id='word_1_56' title='bbox 538 1152 669 1216; x_wconf 77' lang='lat' dir='ltr'><strong>claudicat,</strong></span> <span class='ocrx_word' id='word_1_57' title='bbox 702 1155 771 1202; x_wconf 88' lang='lat' dir='ltr'><strong>nimis</strong></span> <span class='ocrx_word' id='word_1_58' title='bbox 788 1170 801 1202; x_wconf 87' lang='lat' dir='ltr'><strong>a</strong></span> <span class='ocrx_word' id='word_1_59' title='bbox 818 1154 917 1202; x_wconf 80' lang='lat' dir='ltr'><strong>veritate</strong></span> <span class='ocrx_word' id='word_1_60' title='bbox 934 1151 1032 1202; x_wconf 81' lang='lat' dir='ltr'><strong>recedit.</strong></span> <span class='ocrx_word' id='word_1_61' title='bbox 1055 1153 1138 1202; x_wconf 90' lang='lat' dir='ltr'><strong>Sedin</strong></span> <span class='ocrx_word' id='word_1_62' title='bbox 1154 1170 1195 1203; x_wconf 85' lang='lat' dir='ltr'><strong>nc.-</strong></span> 
     </span>
     <span class='ocr_line' id='line_1_8' title="bbox 178 1237 1193 1304; baseline 0.001 -17"><span class='ocrx_word' id='word_1_63' title='bbox 178 1248 206 1287; x_wconf 84' lang='lat' dir='ltr'><strong>ut</strong></span> <span class='ocrx_word' id='word_1_64' title='bbox 238 1241 288 1302; x_wconf 89' lang='lat' dir='ltr'><strong>sic,</strong></span> <span class='ocrx_word' id='word_1_65' title='bbox 323 1237 519 1304; x_wconf 85' lang='lat' dir='ltr'><strong>quemadmodum</strong></span> <span class='ocrx_word' id='word_1_66' title='bbox 548 1239 669 1288; x_wconf 86' lang='lat' dir='ltr'><strong>Bentleius</strong></span> <span class='ocrx_word' id='word_1_67' title='bbox 701 1241 893 1304; x_wconf 88' lang='lat' dir='ltr'><strong>mineproauso,</strong></span> <span class='ocrx_word' id='word_1_68' title='bbox 906 1253 993 1285; x_wconf 83' lang='lat' dir='ltr'><strong>nuncu</strong></span> <span class='ocrx_word' id='word_1_69' title='bbox 1005 1240 1193 1287; x_wconf 86' lang='lat' dir='ltr'><strong>manetunicum</strong></span> 
     </span>
     <span class='ocr_line' id='line_1_9' title="bbox 178 1312 1193 1392; baseline -0.002 -18"><span class='ocrx_word' id='word_1_70' title='bbox 178 1325 296 1388; x_wconf 86' lang='lat' dir='ltr'><strong>instituit,</strong></span> <span class='ocrx_word' id='word_1_71' title='bbox 311 1326 407 1373; x_wconf 84' lang='lat' dir='ltr'><strong>institui</strong></span> <span class='ocrx_word' id='word_1_72' title='bbox 420 1341 466 1373; x_wconf 90' lang='lat' dir='ltr'><strong>non</strong></span> <span class='ocrx_word' id='word_1_73' title='bbox 483 1312 563 1391; x_wconf 80' lang='lat' dir='ltr'><strong>possit.</strong></span> <span class='ocrx_word' id='word_1_74' title='bbox 580 1328 669 1374; x_wconf 82' lang='lat' dir='ltr'><strong>Licuit</strong></span> <span class='ocrx_word' id='word_1_75' title='bbox 699 1325 847 1389; x_wconf 82' lang='lat' dir='ltr'><strong>subiectum,</strong></span> <span class='ocrx_word' id='word_1_76' title='bbox 878 1326 907 1376; x_wconf 91' lang='lat' dir='ltr'><strong>de</strong></span> <span class='ocrx_word' id='word_1_77' title='bbox 930 1342 977 1392; x_wconf 88' lang='lat' dir='ltr'><strong>quo</strong></span> <span class='ocrx_word' id='word_1_78' title='bbox 999 1327 1142 1389; x_wconf 75' lang='lat' dir='ltr'><strong>cogitamus,</strong></span> <span class='ocrx_word' id='word_1_79' title='bbox 1168 1333 1193 1374; x_wconf 84' lang='lat' dir='ltr'><strong>et</strong></span> 
     </span>
     <span class='ocr_line' id='line_1_10' title="bbox 175 1411 1194 1481; baseline -0.001 -21"><span class='ocrx_word' id='word_1_80' title='bbox 175 1428 268 1476; x_wconf 83' lang='lat' dir='ltr'><strong>semper</strong></span> <span class='ocrx_word' id='word_1_81' title='bbox 299 1429 372 1460; x_wconf 87' lang='lat' dir='ltr'><strong>nonos</strong></span> <span class='ocrx_word' id='word_1_82' title='bbox 403 1429 512 1461; x_wconf 79' lang='lat' dir='ltr'><strong>nummos</strong></span> <span class='ocrx_word' id='word_1_83' title='bbox 532 1415 666 1478; x_wconf 78' lang='lat' dir='ltr'><strong>procudere</strong></span> <span class='ocrx_word' id='word_1_84' title='bbox 699 1416 841 1481; x_wconf 85' lang='lat' dir='ltr'><strong>comparatio</strong></span> <span class='ocrx_word' id='word_1_85' title='bbox 857 1423 950 1462; x_wconf 88' lang='lat' dir='ltr'><strong>tantum</strong></span> <span class='ocrx_word' id='word_1_86' title='bbox 964 1411 1130 1474; x_wconf 79' lang='lat' dir='ltr'><strong>infeoimedo,</strong></span> <span class='ocrx_word' id='word_1_87' title='bbox 1139 1413 1194 1473; x_wconf 80' lang='lat' dir='ltr'><strong>fin·</strong></span> 
     </span>
     <span class='ocr_line' id='line_1_11' title="bbox 174 1495 1194 1566; baseline 0.002 -20"><span class='ocrx_word' id='word_1_88' title='bbox 174 1495 242 1546; x_wconf 71' lang='lat' dir='ltr'><strong>‚dictu</strong></span> <span class='ocrx_word' id='word_1_89' title='bbox 262 1499 372 1563; x_wconf 87' lang='lat' dir='ltr'><strong>ineptum</strong></span> <span class='ocrx_word' id='word_1_90' title='bbox 391 1507 434 1546; x_wconf 87' lang='lat' dir='ltr'><strong>est.</strong></span> <span class='ocrx_word' id='word_1_91' title='bbox 465 1498 520 1561; x_wconf 85' lang='lat' dir='ltr'><strong>Quis</strong></span> <span class='ocrx_word' id='word_1_92' title='bbox 542 1499 604 1546; x_wconf 90' lang='lat' dir='ltr'><strong>enim</strong></span> <span class='ocrx_word' id='word_1_93' title='bbox 625 1515 669 1547; x_wconf 88' lang='lat' dir='ltr'><strong>uu-</strong></span> <span class='ocrx_word' id='word_1_94' title='bbox 697 1500 793 1564; x_wconf 80' lang='lat' dir='ltr'><strong>genda,</strong></span> <span class='ocrx_word' id='word_1_95' title='bbox 810 1499 962 1562; x_wconf 85' lang='lat' dir='ltr'><strong>procudenda</strong></span> <span class='ocrx_word' id='word_1_96' title='bbox 978 1501 1098 1563; x_wconf 86' lang='lat' dir='ltr'><strong>cernitur,</strong></span> <span class='ocrx_word' id='word_1_97' title='bbox 1115 1515 1194 1566; x_wconf 87' lang='lat' dir='ltr'><strong>neque</strong></span> 
     </span>
     <span class='ocr_line' id='line_1_12' title="bbox 176 1582 1245 1654; baseline 0.002 -22"><span class='ocrx_word' id='word_1_98' title='bbox 176 1601 247 1652; x_wconf 89' lang='lat' dir='ltr'><strong>quam</strong></span> <span class='ocrx_word' id='word_1_99' title='bbox 271 1583 391 1634; x_wconf 87' lang='lat' dir='ltr'><strong>dubitavit</strong></span> <span class='ocrx_word' id='word_1_100' title='bbox 415 1599 445 1631; x_wconf 88' lang='lat' dir='ltr'><strong>an</strong></span> <span class='ocrx_word' id='word_1_101' title='bbox 465 1582 550 1646; x_wconf 86' lang='lat' dir='ltr'><strong>liceat,</strong></span> <span class='ocrx_word' id='word_1_102' title='bbox 573 1585 606 1645; x_wconf 84' lang='lat' dir='ltr'><strong>si,</strong></span> <span class='ocrx_word' id='word_1_103' title='bbox 626 1585 668 1648; x_wconf 85' lang='lat' dir='ltr'><strong>qui</strong></span> <span class='ocrx_word' id='word_1_104' title='bbox 700 1582 730 1632; x_wconf 86' lang='lat' dir='ltr'><strong>ad</strong></span> <span class='ocrx_word' id='word_1_105' title='bbox 746 1585 789 1631; x_wconf 86' lang='lat' dir='ltr'><strong>ius</strong></span> <span class='ocrx_word' id='word_1_106' title='bbox 804 1600 880 1648; x_wconf 88' lang='lat' dir='ltr'><strong>neque</strong></span> <span class='ocrx_word' id='word_1_107' title='bbox 897 1583 927 1632; x_wconf 90' lang='lat' dir='ltr'><strong>ad</strong></span> <span class='ocrx_word' id='word_1_108' title='bbox 943 1584 1001 1633; x_wconf 82' lang='lat' dir='ltr'><strong>alias</strong></span> <span class='ocrx_word' id='word_1_109' title='bbox 1014 1586 1194 1648; x_wconf 86' lang='lat' dir='ltr'><strong>comparationis</strong></span> <span class='ocrx_word' id='word_1_110' title='bbox 1241 1647 1245 1654; x_wconf 96' lang='lat'><strong>.</strong></span> 
     </span>
     <span class='ocr_line' id='line_1_13' title="bbox 173 1666 1196 1738; baseline 0.001 -19"><span class='ocrx_word' id='word_1_111' title='bbox 173 1671 298 1738; x_wconf 85' lang='lat' dir='ltr'><strong>procudit,</strong></span> <span class='ocrx_word' id='word_1_112' title='bbox 315 1673 353 1720; x_wconf 87' lang='lat' dir='ltr'><strong>ius</strong></span> <span class='ocrx_word' id='word_1_113' title='bbox 368 1668 458 1719; x_wconf 76' lang='lat' dir='ltr'><strong>habet?</strong></span> <span class='ocrx_word' id='word_1_114' title='bbox 474 1668 499 1718; x_wconf 90' lang='lat' dir='ltr'><strong>Si</strong></span> <span class='ocrx_word' id='word_1_115' title='bbox 514 1685 561 1717; x_wconf 91' lang='lat' dir='ltr'><strong>non</strong></span> <span class='ocrx_word' id='word_1_116' title='bbox 576 1670 614 1717; x_wconf 89' lang='lat' dir='ltr'><strong>ius</strong></span> <span class='ocrx_word' id='word_1_117' title='bbox 624 1667 666 1717; x_wconf 91' lang='lat' dir='ltr'><strong>ha·</strong></span> <span class='ocrx_word' id='word_1_118' title='bbox 699 1676 778 1732; x_wconf 87' lang='lat' dir='ltr'><strong>partes</strong></span> <span class='ocrx_word' id='word_1_119' title='bbox 791 1666 936 1716; x_wconf 82' lang='lat' dir='ltr'><strong>extenditur.</strong></span> <span class='ocrx_word' id='word_1_120' title='bbox 950 1667 1025 1730; x_wconf 82' lang='lat' dir='ltr'><strong>Quare</strong></span> <span class='ocrx_word' id='word_1_121' title='bbox 1038 1671 1196 1720; x_wconf 86' lang='lat' dir='ltr'><strong>exBentleia·</strong></span> 
     </span>
     <span class='ocr_line' id='line_1_14' title="bbox 174 1755 1191 1822; baseline -0.002 -14"><span class='ocrx_word' id='word_1_122' title='bbox 174 1757 245 1822; x_wconf 87' lang='lat' dir='ltr'><strong>beat,</strong></span> <span class='ocrx_word' id='word_1_123' title='bbox 269 1776 316 1807; x_wconf 88' lang='lat' dir='ltr'><strong>non</strong></span> <span class='ocrx_word' id='word_1_124' title='bbox 338 1758 403 1806; x_wconf 86' lang='lat' dir='ltr'><strong>licet.</strong></span> <span class='ocrx_word' id='word_1_125' title='bbox 433 1758 464 1804; x_wconf 75' lang='lat' dir='ltr'><strong>it</strong></span> <span class='ocrx_word' id='word_1_126' title='bbox 484 1757 556 1815; x_wconf 75' lang='lat' dir='ltr'><strong>rerba</strong></span> <span class='ocrx_word' id='word_1_127' title='bbox 575 1758 664 1822; x_wconf 82' lang='lat' dir='ltr'><strong>fingere</strong></span> <span class='ocrx_word' id='word_1_128' title='bbox 697 1758 734 1804; x_wconf 88' lang='lat' dir='ltr'><strong>nis</strong></span> <span class='ocrx_word' id='word_1_129' title='bbox 763 1755 826 1805; x_wconf 90' lang='lat' dir='ltr'><strong>illud</strong></span> <span class='ocrx_word' id='word_1_130' title='bbox 850 1755 985 1821; x_wconf 78' lang='lat' dir='ltr'><strong>procudere</strong></span> <span class='ocrx_word' id='word_1_131' title='bbox 1016 1758 1113 1805; x_wconf 86' lang='lat' dir='ltr'><strong>unicum</strong></span> <span class='ocrx_word' id='word_1_132' title='bbox 1138 1769 1191 1822; x_wconf 87' lang='lat' dir='ltr'><strong>est,</strong></span> 
     </span>
     <span class='ocr_line' id='line_1_15' title="bbox 175 1841 1191 1909; baseline 0.001 -16"><span class='ocrx_word' id='word_1_133' title='bbox 175 1847 249 1902; x_wconf 84' lang='lat' dir='ltr'><strong>cuivis</strong></span> <span class='ocrx_word' id='word_1_134' title='bbox 270 1844 334 1894; x_wconf 86' lang='lat' dir='ltr'><strong>licet.</strong></span> <span class='ocrx_word' id='word_1_135' title='bbox 354 1841 423 1908; x_wconf 67' lang='lat' dir='ltr'><strong>Apud</strong></span> <span class='ocrx_word' id='word_1_136' title='bbox 438 1843 553 1891; x_wconf 84' lang='lat' dir='ltr'><strong>Romanos</strong></span> <span class='ocrx_word' id='word_1_137' title='bbox 569 1841 664 1908; x_wconf 84' lang='lat' dir='ltr'><strong>quidem</strong></span> <span class='ocrx_word' id='word_1_138' title='bbox 697 1841 760 1908; x_wconf 87' lang='lat' dir='ltr'><strong>quod</strong></span> <span class='ocrx_word' id='word_1_139' title='bbox 780 1843 927 1908; x_wconf 88' lang='lat' dir='ltr'><strong>acceperim,</strong></span> <span class='ocrx_word' id='word_1_140' title='bbox 954 1845 1027 1892; x_wconf 87' lang='lat' dir='ltr'><strong>etsie</strong></span> <span class='ocrx_word' id='word_1_141' title='bbox 1045 1847 1191 1909; x_wconf 85' lang='lat' dir='ltr'><strong>scripserim,</strong></span> 
     </span>
     <span class='ocr_line' id='line_1_16' title="bbox 172 1928 1194 1999; baseline -0.001 -19"><span class='ocrx_word' id='word_1_142' title='bbox 172 1932 228 1996; x_wconf 87' lang='lat' dir='ltr'><strong>jure</strong></span> <span class='ocrx_word' id='word_1_143' title='bbox 243 1931 554 1981; x_wconf 80' lang='lat' dir='ltr'><strong>faciebantnovosnummos</strong></span> <span class='ocrx_word' id='word_1_144' title='bbox 564 1931 666 1996; x_wconf 89' lang='lat' dir='ltr'><strong>primum</strong></span> <span class='ocrx_word' id='word_1_145' title='bbox 698 1946 746 1978; x_wconf 89' lang='lat' dir='ltr'><strong>non</strong></span> <span class='ocrx_word' id='word_1_146' title='bbox 756 1929 898 1994; x_wconf 88' lang='lat' dir='ltr'><strong>producere.</strong></span> <span class='ocrx_word' id='word_1_147' title='bbox 916 1928 962 1978; x_wconf 91' lang='lat' dir='ltr'><strong>Sed</strong></span> <span class='ocrx_word' id='word_1_148' title='bbox 974 1939 1055 1999; x_wconf 82' lang='lat' dir='ltr'><strong>manet</strong></span> <span class='ocrx_word' id='word_1_149' title='bbox 1069 1931 1094 1979; x_wconf 89' lang='lat' dir='ltr'><strong>in</strong></span> <span class='ocrx_word' id='word_1_150' title='bbox 1109 1931 1194 1996; x_wconf 82' lang='lat' dir='ltr'><strong>vulga·</strong></span> 
     </span>
     <span class='ocr_line' id='line_1_17' title="bbox 176 2013 1192 2084; baseline 0 -18"><span class='ocrx_word' id='word_1_151' title='bbox 176 2035 258 2084; x_wconf 84' lang='lat' dir='ltr'><strong>reges,</strong></span> <span class='ocrx_word' id='word_1_152' title='bbox 276 2028 327 2065; x_wconf 86' lang='lat' dir='ltr'><strong>tum</strong></span> <span class='ocrx_word' id='word_1_153' title='bbox 346 2016 463 2082; x_wconf 87' lang='lat' dir='ltr'><strong>populus,</strong></span> <span class='ocrx_word' id='word_1_154' title='bbox 488 2033 565 2082; x_wconf 87' lang='lat' dir='ltr'><strong>aquo</strong></span> <span class='ocrx_word' id='word_1_155' title='bbox 584 2018 668 2065; x_wconf 86' lang='lat' dir='ltr'><strong>consti·</strong></span> <span class='ocrx_word' id='word_1_156' title='bbox 701 2017 732 2064; x_wconf 88' lang='lat' dir='ltr'><strong>tis</strong></span> <span class='ocrx_word' id='word_1_157' title='bbox 754 2015 801 2063; x_wconf 85' lang='lat' dir='ltr'><strong>alia</strong></span> <span class='ocrx_word' id='word_1_158' title='bbox 825 2013 967 2078; x_wconf 81' lang='lat' dir='ltr'><strong>difficultas,</strong></span> <span class='ocrx_word' id='word_1_159' title='bbox 989 2034 1060 2083; x_wconf 84' lang='lat' dir='ltr'><strong>quam</strong></span> <span class='ocrx_word' id='word_1_160' title='bbox 1080 2034 1192 2082; x_wconf 87' lang='lat' dir='ltr'><strong>superare</strong></span> 
     </span>
     <span class='ocr_line' id='line_1_18' title="bbox 176 2104 1193 2169; baseline -0.001 -15"><span class='ocrx_word' id='word_1_161' title='bbox 176 2107 225 2155; x_wconf 84' lang='lat' dir='ltr'><strong>tuti</strong></span> <span class='ocrx_word' id='word_1_162' title='bbox 234 2107 351 2154; x_wconf 87' lang='lat' dir='ltr'><strong>triumviri</strong></span> <span class='ocrx_word' id='word_1_163' title='bbox 362 2104 491 2153; x_wconf 85' lang='lat' dir='ltr'><strong>monetales</strong></span> <span class='ocrx_word' id='word_1_164' title='bbox 502 2104 529 2153; x_wconf 71' lang='lat' dir='ltr'><strong>A.</strong></span> <span class='ocrx_word' id='word_1_165' title='bbox 539 2105 665 2168; x_wconf 65' lang='lat' dir='ltr'><strong>aaut,</strong></span> <span class='ocrx_word' id='word_1_166' title='bbox 699 2121 745 2152; x_wconf 90' lang='lat' dir='ltr'><strong>non</strong></span> <span class='ocrx_word' id='word_1_167' title='bbox 766 2104 851 2169; x_wconf 85' lang='lat' dir='ltr'><strong>potui,</strong></span> <span class='ocrx_word' id='word_1_168' title='bbox 883 2104 930 2152; x_wconf 89' lang='lat' dir='ltr'><strong>nisi</strong></span> <span class='ocrx_word' id='word_1_169' title='bbox 954 2120 997 2168; x_wconf 87' lang='lat' dir='ltr'><strong>per</strong></span> <span class='ocrx_word' id='word_1_170' title='bbox 1023 2106 1193 2157; x_wconf 84' lang='lat' dir='ltr'><strong>coniecturam.</strong></span> 
     </span>
     <span class='ocr_line' id='line_1_19' title="bbox 175 2189 1194 2253; baseline 0.001 -13"><span class='ocrx_word' id='word_1_171' title='bbox 175 2191 261 2240; x_wconf 89' lang='lat' dir='ltr'><strong>deinde</strong></span> <span class='ocrx_word' id='word_1_172' title='bbox 275 2192 390 2239; x_wconf 82' lang='lat' dir='ltr'><strong>Caesares.</strong></span> <span class='ocrx_word' id='word_1_173' title='bbox 403 2193 453 2239; x_wconf 81' lang='lat' dir='ltr'><strong>lam</strong></span> <span class='ocrx_word' id='word_1_174' title='bbox 469 2194 559 2239; x_wconf 89' lang='lat' dir='ltr'><strong>nummi</strong></span> <span class='ocrx_word' id='word_1_175' title='bbox 571 2209 601 2238; x_wconf 83' lang='lat' dir='ltr'><strong>ex</strong></span> <span class='ocrx_word' id='word_1_176' title='bbox 609 2207 666 2237; x_wconf 80' lang='lat' dir='ltr'><strong>euro</strong></span> <span class='ocrx_word' id='word_1_177' title='bbox 699 2189 760 2253; x_wconf 85' lang='lat' dir='ltr'><strong>Quid</strong></span> <span class='ocrx_word' id='word_1_178' title='bbox 782 2191 844 2237; x_wconf 89' lang='lat' dir='ltr'><strong>enim</strong></span> <span class='ocrx_word' id='word_1_179' title='bbox 867 2199 902 2238; x_wconf 87' lang='lat' dir='ltr'><strong>est</strong></span> <span class='ocrx_word' id='word_1_180' title='bbox 922 2205 1008 2239; x_wconf 85' lang='lat' dir='ltr'><strong>nornen</strong></span> <span class='ocrx_word' id='word_1_181' title='bbox 1025 2192 1064 2240; x_wconf 81' lang='lat' dir='ltr'><strong>rel</strong></span> <span class='ocrx_word' id='word_1_182' title='bbox 1080 2209 1194 2242; x_wconf 76' lang='lat' dir='ltr'><strong>nummus</strong></span> 
     </span>
     <span class='ocr_line' id='line_1_20' title="bbox 174 2275 1191 2344; baseline 0.001 -18"><span class='ocrx_word' id='word_1_183' title='bbox 174 2292 198 2327; x_wconf 83' lang='lat' dir='ltr'><strong>v.</strong></span> <span class='ocrx_word' id='word_1_184' title='bbox 226 2295 247 2327; x_wconf 88' lang='lat' dir='ltr'><strong>c.</strong></span> <span class='ocrx_word' id='word_1_185' title='bbox 278 2279 385 2343; x_wconf 89' lang='lat' dir='ltr'><strong>procusi,</strong></span> <span class='ocrx_word' id='word_1_186' title='bbox 402 2283 533 2340; x_wconf 79' lang='lat' dir='ltr'><strong>praesente</strong></span> <span class='ocrx_word' id='word_1_187' title='bbox 551 2285 609 2324; x_wconf 85' lang='lat' dir='ltr'><strong>neta</strong></span> <span class='ocrx_word' id='word_1_188' title='bbox 630 2278 667 2324; x_wconf 83' lang='lat' dir='ltr'><strong>si-</strong></span> <span class='ocrx_word' id='word_1_189' title='bbox 693 2275 1042 2340; x_wconf 78' lang='lat' dir='ltr'><strong>preesentenotusignntus?</strong></span> <span class='ocrx_word' id='word_1_190' title='bbox 1055 2279 1191 2344; x_wconf 87' lang='lat' dir='ltr'><strong>Naualius,</strong></span> 
     </span>
    </p>
   </div>
   <div class='ocr_carea' id='block_1_4' title="bbox 170 2357 1310 2431">
    <p class='ocr_par' dir='ltr' id='par_1_4' title="bbox 170 2357 1310 2431">
     <span class='ocr_line' id='line_1_21' title="bbox 170 2357 1310 2431; baseline 0.003 -18"><span class='ocrx_word' id='word_1_191' title='bbox 170 2367 262 2431; x_wconf 78' lang='lat' dir='ltr'><strong>gnati,</strong></span> <span class='ocrx_word' id='word_1_192' title='bbox 276 2375 387 2415; x_wconf 89' lang='lat' dir='ltr'><strong>nonsunt</strong></span> <span class='ocrx_word' id='word_1_193' title='bbox 402 2365 473 2427; x_wconf 86' lang='lat' dir='ltr'><strong>noui,</strong></span> <span class='ocrx_word' id='word_1_194' title='bbox 490 2373 518 2412; x_wconf 89' lang='lat' dir='ltr'><strong>ut</strong></span> <span class='ocrx_word' id='word_1_195' title='bbox 533 2373 589 2412; x_wconf 88' lang='lat' dir='ltr'><strong>sunt</strong></span> <span class='ocrx_word' id='word_1_196' title='bbox 604 2379 665 2411; x_wconf 87' lang='lat' dir='ltr'><strong>noea</strong></span> <span class='ocrx_word' id='word_1_197' title='bbox 697 2372 770 2428; x_wconf 89' lang='lat' dir='ltr'><strong>puto,</strong></span> <span class='ocrx_word' id='word_1_198' title='bbox 793 2364 886 2411; x_wconf 86' lang='lat' dir='ltr'><strong>nisiae</strong></span> <span class='ocrx_word' id='word_1_199' title='bbox 906 2371 977 2427; x_wconf 88' lang='lat' dir='ltr'><strong>notu,</strong></span> <span class='ocrx_word' id='word_1_200' title='bbox 997 2380 1058 2430; x_wconf 85' lang='lat' dir='ltr'><strong>quae</strong></span> <span class='ocrx_word' id='word_1_201' title='bbox 1077 2382 1140 2415; x_wconf 89' lang='lat' dir='ltr'><strong>nunc</strong></span> <span class='ocrx_word' id='word_1_202' title='bbox 1155 2369 1191 2417; x_wconf 82' lang='lat' dir='ltr'><strong>ri·</strong></span> <span class='ocrx_word' id='word_1_203' title='bbox 1231 2357 1233 2361; x_wconf 46' lang='grc'>’</span> <span class='ocrx_word' id='word_1_204' title='bbox 1307 2412 1310 2419; x_wconf 92' lang='grc'><strong>,</strong></span> 
     </span>
    </p>
   </div>
   <div class='ocr_carea' id='block_1_5' title="bbox 168 2435 1249 4168">
    <p class='ocr_par' dir='ltr' id='par_1_5' title="bbox 168 2435 1249 4168">
     <span class='ocr_line' id='line_1_22' title="bbox 173 2435 1191 2517; baseline 0.004 -17"><span class='ocrx_word' id='word_1_205' title='bbox 173 2453 294 2501; x_wconf 80' lang='lat' dir='ltr'><strong>uocabula.</strong></span> <span class='ocrx_word' id='word_1_206' title='bbox 320 2451 409 2500; x_wconf 76' lang='lat' dir='ltr'><strong>iurum</strong></span> <span class='ocrx_word' id='word_1_207' title='bbox 433 2435 569 2500; x_wconf 39' lang='lat' dir='ltr'><strong>est&#39;eadem</strong></span> <span class='ocrx_word' id='word_1_208' title='bbox 592 2460 665 2499; x_wconf 83' lang='lat' dir='ltr'><strong>mate·</strong></span> <span class='ocrx_word' id='word_1_209' title='bbox 698 2460 753 2516; x_wconf 85' lang='lat' dir='ltr'><strong>get,</strong></span> <span class='ocrx_word' id='word_1_210' title='bbox 775 2466 845 2516; x_wconf 86' lang='lat' dir='ltr'><strong>quam</strong></span> <span class='ocrx_word' id='word_1_211' title='bbox 868 2460 1043 2516; x_wconf 81' lang='lat' dir='ltr'><strong>praesentem,</strong></span> <span class='ocrx_word' id='word_1_212' title='bbox 1058 2454 1100 2517; x_wconf 87' lang='lat' dir='ltr'><strong>qui</strong></span> <span class='ocrx_word' id='word_1_213' title='bbox 1128 2470 1191 2505; x_wconf 85' lang='lat' dir='ltr'><strong>nune</strong></span> 
     </span>
     <span class='ocr_line' id='line_1_23' title="bbox 172 2528 1192 2608; baseline 0.003 -21"><span class='ocrx_word' id='word_1_214' title='bbox 172 2541 233 2601; x_wconf 89' lang='lat' dir='ltr'><strong>ries,</strong></span> <span class='ocrx_word' id='word_1_215' title='bbox 251 2548 308 2587; x_wconf 91' lang='lat' dir='ltr'><strong>nota</strong></span> <span class='ocrx_word' id='word_1_216' title='bbox 329 2556 376 2588; x_wconf 89' lang='lat' dir='ltr'><strong>non</strong></span> <span class='ocrx_word' id='word_1_217' title='bbox 394 2548 431 2587; x_wconf 89' lang='lat' dir='ltr'><strong>est</strong></span> <span class='ocrx_word' id='word_1_218' title='bbox 455 2537 553 2588; x_wconf 84' lang='lat' dir='ltr'><strong>diversa.</strong></span> <span class='ocrx_word' id='word_1_219' title='bbox 585 2528 665 2602; x_wconf 80' lang='lat' dir='ltr'><strong>Neque</strong></span> <span class='ocrx_word' id='word_1_220' title='bbox 697 2538 811 2600; x_wconf 85' lang='lat' dir='ltr'><strong>vivimus,</strong></span> <span class='ocrx_word' id='word_1_221' title='bbox 826 2538 964 2601; x_wconf 87' lang='lat' dir='ltr'><strong>iutuemur,</strong></span> <span class='ocrx_word' id='word_1_222' title='bbox 980 2556 1104 2604; x_wconf 89' lang='lat' dir='ltr'><strong>nummus,</strong></span> <span class='ocrx_word' id='word_1_223' title='bbox 1121 2558 1192 2608; x_wconf 60' lang='lat' dir='ltr'><strong>mem</strong></span> 
     </span>
     <span class='ocr_line' id='line_1_24' title="bbox 173 2626 1193 2694; baseline 0.009 -20"><span class='ocrx_word' id='word_1_224' title='bbox 173 2628 264 2674; x_wconf 89' lang='lat' dir='ltr'><strong>nummi</strong></span> <span class='ocrx_word' id='word_1_225' title='bbox 283 2626 323 2676; x_wconf 89' lang='lat' dir='ltr'><strong>illi</strong></span> <span class='ocrx_word' id='word_1_226' title='bbox 342 2637 452 2692; x_wconf 79' lang='lat' dir='ltr'><strong>veteres,</strong></span> <span class='ocrx_word' id='word_1_227' title='bbox 477 2630 530 2678; x_wconf 88' lang='lat' dir='ltr'><strong>triti</strong></span> <span class='ocrx_word' id='word_1_228' title='bbox 551 2637 576 2676; x_wconf 89' lang='lat' dir='ltr'><strong>et</strong></span> <span class='ocrx_word' id='word_1_229' title='bbox 600 2627 667 2676; x_wconf 90' lang='lat' dir='ltr'><strong>obso·</strong></span> <span class='ocrx_word' id='word_1_230' title='bbox 699 2627 780 2677; x_wconf 85' lang='lat' dir='ltr'><strong>damus</strong></span> <span class='ocrx_word' id='word_1_231' title='bbox 802 2636 827 2676; x_wconf 91' lang='lat' dir='ltr'><strong>et</strong></span> <span class='ocrx_word' id='word_1_232' title='bbox 842 2629 984 2693; x_wconf 88' lang='lat' dir='ltr'><strong>accipimus,</strong></span> <span class='ocrx_word' id='word_1_233' title='bbox 1006 2631 1048 2694; x_wconf 86' lang='lat' dir='ltr'><strong>qui</strong></span> <span class='ocrx_word' id='word_1_234' title='bbox 1063 2629 1134 2680; x_wconf 85' lang='lat' dir='ltr'><strong>fidem</strong></span> <span class='ocrx_word' id='word_1_235' title='bbox 1150 2631 1193 2684; x_wconf 80' lang='lat' dir='ltr'><strong>hae</strong></span> 
     </span>
     <span class='ocr_line' id='line_1_25' title="bbox 172 2710 1192 2781; baseline 0.007 -21"><span class='ocrx_word' id='word_1_236' title='bbox 172 2710 231 2775; x_wconf 86' lang='lat' dir='ltr'><strong>leti,</strong></span> <span class='ocrx_word' id='word_1_237' title='bbox 248 2715 291 2778; x_wconf 89' lang='lat' dir='ltr'><strong>qui</strong></span> <span class='ocrx_word' id='word_1_238' title='bbox 304 2713 436 2763; x_wconf 85' lang='lat' dir='ltr'><strong>conflantur</strong></span> <span class='ocrx_word' id='word_1_239' title='bbox 450 2723 474 2762; x_wconf 88' lang='lat' dir='ltr'><strong>et</strong></span> <span class='ocrx_word' id='word_1_240' title='bbox 485 2723 608 2780; x_wconf 88' lang='lat' dir='ltr'><strong>praesente</strong></span> <span class='ocrx_word' id='word_1_241' title='bbox 624 2729 666 2762; x_wconf 88' lang='lat' dir='ltr'><strong>no·</strong></span> <span class='ocrx_word' id='word_1_242' title='bbox 697 2711 753 2774; x_wconf 84' lang='lat' dir='ltr'><strong>het,</strong></span> <span class='ocrx_word' id='word_1_243' title='bbox 778 2713 834 2778; x_wconf 89' lang='lat' dir='ltr'><strong>qui,</strong></span> <span class='ocrx_word' id='word_1_244' title='bbox 858 2724 887 2762; x_wconf 92' lang='lat' dir='ltr'><strong>ut</strong></span> <span class='ocrx_word' id='word_1_245' title='bbox 908 2731 951 2763; x_wconf 91' lang='lat' dir='ltr'><strong>nos</strong></span> <span class='ocrx_word' id='word_1_246' title='bbox 972 2715 1104 2781; x_wconf 86' lang='lat' dir='ltr'><strong>loquimur,</strong></span> <span class='ocrx_word' id='word_1_247' title='bbox 1129 2735 1192 2767; x_wconf 87' lang='lat' dir='ltr'><strong>cour-</strong></span> 
     </span>
     <span class='ocr_line' id='line_1_26' title="bbox 174 2787 1192 2865; baseline 0.006 -17"><span class='ocrx_word' id='word_1_248' title='bbox 174 2810 200 2848; x_wconf 83' lang='lat' dir='ltr'><strong>ta</strong></span> <span class='ocrx_word' id='word_1_249' title='bbox 214 2802 351 2865; x_wconf 78' lang='lat' dir='ltr'><strong>signantur,</strong></span> <span class='ocrx_word' id='word_1_250' title='bbox 368 2799 398 2849; x_wconf 87' lang='lat' dir='ltr'><strong>ad</strong></span> <span class='ocrx_word' id='word_1_251' title='bbox 413 2799 544 2862; x_wconf 83' lang='lat' dir='ltr'><strong>vocabula,</strong></span> <span class='ocrx_word' id='word_1_252' title='bbox 567 2799 596 2848; x_wconf 88' lang='lat' dir='ltr'><strong>de</strong></span> <span class='ocrx_word' id='word_1_253' title='bbox 612 2801 664 2864; x_wconf 87' lang='lat' dir='ltr'><strong>qui-</strong></span> <span class='ocrx_word' id='word_1_254' title='bbox 696 2803 767 2846; x_wconf 77' lang='lat' dir='ltr'><strong>neat.</strong></span> <span class='ocrx_word' id='word_1_255' title='bbox 800 2796 836 2846; x_wconf 74' lang='lat' dir='ltr'><strong>sd</strong></span> <span class='ocrx_word' id='word_1_256' title='bbox 861 2798 958 2848; x_wconf 87' lang='lat' dir='ltr'><strong>eandem</strong></span> <span class='ocrx_word' id='word_1_257' title='bbox 982 2787 1097 2851; x_wconf 85' lang='lat' dir='ltr'><strong>rationem</strong></span> <span class='ocrx_word' id='word_1_258' title='bbox 1121 2807 1192 2855; x_wconf 79' lang='lat' dir='ltr'><strong>rerba</strong></span> 
     </span>
     <span class='ocr_line' id='line_1_27' title="bbox 173 2882 1249 2955; baseline 0.003 -22"><span class='ocrx_word' id='word_1_259' title='bbox 173 2882 219 2933; x_wconf 87' lang='lat' dir='ltr'><strong>bus</strong></span> <span class='ocrx_word' id='word_1_260' title='bbox 239 2885 349 2933; x_wconf 83' lang='lat' dir='ltr'><strong>Horatius</strong></span> <span class='ocrx_word' id='word_1_261' title='bbox 370 2885 434 2948; x_wconf 85' lang='lat' dir='ltr'><strong>egit,</strong></span> <span class='ocrx_word' id='word_1_262' title='bbox 457 2885 543 2932; x_wconf 81' lang='lat' dir='ltr'><strong>referri</strong></span> <span class='ocrx_word' id='word_1_263' title='bbox 559 2893 664 2948; x_wconf 89' lang='lat' dir='ltr'><strong>possunt.</strong></span> <span class='ocrx_word' id='word_1_264' title='bbox 693 2883 841 2946; x_wconf 85' lang='lat' dir='ltr'><strong>praesentio</strong></span> <span class='ocrx_word' id='word_1_265' title='bbox 873 2893 929 2932; x_wconf 89' lang='lat' dir='ltr'><strong>sunt</strong></span> <span class='ocrx_word' id='word_1_266' title='bbox 959 2891 1048 2948; x_wconf 70' lang='lat' dir='ltr'><strong>quimus</strong></span> <span class='ocrx_word' id='word_1_267' title='bbox 1071 2907 1191 2955; x_wconf 59' lang='lat' dir='ltr'><strong>manem</strong></span> <span class='ocrx_word' id='word_1_268' title='bbox 1247 2934 1249 2941; x_wconf 89' lang='grc'>,</span> 
     </span>
     <span class='ocr_line' id='line_1_28' title="bbox 175 2970 1191 3040; baseline 0.011 -21"><span class='ocrx_word' id='word_1_269' title='bbox 175 2971 232 3020; x_wconf 85' lang='lat' dir='ltr'><strong>Nam</strong></span> <span class='ocrx_word' id='word_1_270' title='bbox 249 2980 274 3020; x_wconf 90' lang='lat' dir='ltr'><strong>et</strong></span> <span class='ocrx_word' id='word_1_271' title='bbox 284 2970 365 3020; x_wconf 84' lang='lat' dir='ltr'><strong>endem</strong></span> <span class='ocrx_word' id='word_1_272' title='bbox 382 2971 457 3019; x_wconf 86' lang='lat' dir='ltr'><strong>forma</strong></span> <span class='ocrx_word' id='word_1_273' title='bbox 471 2971 626 3040; x_wconf 78' lang='lat' dir='ltr'><strong>reseruntur,</strong></span> <span class='ocrx_word' id='word_1_274' title='bbox 642 2980 666 3019; x_wconf 90' lang='lat' dir='ltr'><strong>et</strong></span> <span class='ocrx_word' id='word_1_275' title='bbox 698 2977 768 3018; x_wconf 85' lang='lat' dir='ltr'><strong>aetas</strong></span> <span class='ocrx_word' id='word_1_276' title='bbox 784 2971 877 3020; x_wconf 83' lang='lat' dir='ltr'><strong>utitur.</strong></span> <span class='ocrx_word' id='word_1_277' title='bbox 896 2972 944 3022; x_wconf 86' lang='lat' dir='ltr'><strong>Hoc</strong></span> <span class='ocrx_word' id='word_1_278' title='bbox 960 2979 1066 3040; x_wconf 56' lang='lat' dir='ltr'><strong>parneis</strong></span> <span class='ocrx_word' id='word_1_279' title='bbox 1081 2989 1130 3028; x_wconf 85' lang='lat' dir='ltr'><strong>tem</strong></span> <span class='ocrx_word' id='word_1_280' title='bbox 1143 2980 1191 3030; x_wconf 88' lang='lat' dir='ltr'><strong>cla·</strong></span> 
     </span>
     <span class='ocr_line' id='line_1_29' title="bbox 173 3055 1191 3118; baseline 0.001 -12"><span class='ocrx_word' id='word_1_281' title='bbox 173 3058 283 3106; x_wconf 85' lang='lat' dir='ltr'><strong>Horatius</strong></span> <span class='ocrx_word' id='word_1_282' title='bbox 298 3056 352 3104; x_wconf 84' lang='lat' dir='ltr'><strong>vult</strong></span> <span class='ocrx_word' id='word_1_283' title='bbox 371 3055 486 3104; x_wconf 80' lang='lat' dir='ltr'><strong>vocabula</strong></span> <span class='ocrx_word' id='word_1_284' title='bbox 500 3068 575 3118; x_wconf 80' lang='lat' dir='ltr'><strong>nove,</strong></span> <span class='ocrx_word' id='word_1_285' title='bbox 593 3065 667 3104; x_wconf 79' lang='lat' dir='ltr'><strong>antee</strong></span> <span class='ocrx_word' id='word_1_286' title='bbox 698 3073 751 3112; x_wconf 85' lang='lat' dir='ltr'><strong>rum</strong></span> <span class='ocrx_word' id='word_1_287' title='bbox 767 3057 812 3118; x_wconf 87' lang='lat' dir='ltr'><strong>sit,</strong></span> <span class='ocrx_word' id='word_1_288' title='bbox 832 3066 860 3104; x_wconf 85' lang='lat' dir='ltr'><strong>ut</strong></span> <span class='ocrx_word' id='word_1_289' title='bbox 875 3057 974 3109; x_wconf 81' lang='lat' dir='ltr'><strong>verbum</strong></span> <span class='ocrx_word' id='word_1_290' title='bbox 990 3065 1076 3115; x_wconf 83' lang='lat' dir='ltr'><strong>addere</strong></span> <span class='ocrx_word' id='word_1_291' title='bbox 1092 3069 1132 3116; x_wconf 82' lang='lat' dir='ltr'><strong>vix</strong></span> <span class='ocrx_word' id='word_1_292' title='bbox 1149 3084 1191 3118; x_wconf 86' lang='lat' dir='ltr'><strong>au.</strong></span> 
     </span>
     <span class='ocr_line' id='line_1_30' title="bbox 172 3143 1191 3222; baseline 0.011 -29"><span class='ocrx_word' id='word_1_293' title='bbox 172 3145 244 3211; x_wconf 89' lang='lat' dir='ltr'><strong>plane</strong></span> <span class='ocrx_word' id='word_1_294' title='bbox 259 3143 381 3206; x_wconf 88' lang='lat' dir='ltr'><strong>inaudita,</strong></span> <span class='ocrx_word' id='word_1_295' title='bbox 406 3144 481 3208; x_wconf 83' lang='lat' dir='ltr'><strong>igitur</strong></span> <span class='ocrx_word' id='word_1_296' title='bbox 496 3161 602 3193; x_wconf 89' lang='lat' dir='ltr'><strong>nummos</strong></span> <span class='ocrx_word' id='word_1_297' title='bbox 618 3146 666 3193; x_wconf 86' lang='lat' dir='ltr'><strong>for-</strong></span> <span class='ocrx_word' id='word_1_298' title='bbox 697 3143 782 3206; x_wconf 84' lang='lat' dir='ltr'><strong>deam,</strong></span> <span class='ocrx_word' id='word_1_299' title='bbox 815 3144 914 3195; x_wconf 82' lang='lat' dir='ltr'><strong>afferam</strong></span> <span class='ocrx_word' id='word_1_300' title='bbox 945 3157 1025 3201; x_wconf 80' lang='lat' dir='ltr'><strong>tamen</strong></span> <span class='ocrx_word' id='word_1_301' title='bbox 1055 3155 1191 3222; x_wconf 75' lang='lat' dir='ltr'><strong>elegantem</strong></span> 
     </span>
     <span class='ocr_line' id='line_1_31' title="bbox 174 3231 1190 3304; baseline 0.008 -23"><span class='ocrx_word' id='word_1_302' title='bbox 174 3249 226 3281; x_wconf 86' lang='lat' dir='ltr'><strong>mae</strong></span> <span class='ocrx_word' id='word_1_303' title='bbox 245 3241 315 3280; x_wconf 88' lang='lat' dir='ltr'><strong>antea</strong></span> <span class='ocrx_word' id='word_1_304' title='bbox 331 3246 451 3295; x_wconf 86' lang='lat' dir='ltr'><strong>nunquam</strong></span> <span class='ocrx_word' id='word_1_305' title='bbox 467 3231 538 3280; x_wconf 86' lang='lat' dir='ltr'><strong>visae&#39;.</strong></span> <span class='ocrx_word' id='word_1_306' title='bbox 558 3233 667 3280; x_wconf 87' lang='lat' dir='ltr'><strong>Nummo·</strong></span> <span class='ocrx_word' id='word_1_307' title='bbox 698 3232 805 3281; x_wconf 78' lang='lat' dir='ltr'><strong>Favorini</strong></span> <span class='ocrx_word' id='word_1_308' title='bbox 831 3232 967 3301; x_wconf 88' lang='lat' dir='ltr'><strong>philosophi</strong></span> <span class='ocrx_word' id='word_1_309' title='bbox 992 3236 1190 3304; x_wconf 87' lang='lat' dir='ltr'><strong>disputationem,</strong></span> 
     </span>
     <span class='ocr_line' id='line_1_32' title="bbox 173 3316 1191 3389; baseline 0.01 -22"><span class='ocrx_word' id='word_1_310' title='bbox 173 3334 227 3368; x_wconf 84' lang='lat' dir='ltr'><strong>rum</strong></span> <span class='ocrx_word' id='word_1_311' title='bbox 248 3316 307 3366; x_wconf 85' lang='lat' dir='ltr'><strong>adeo</strong></span> <span class='ocrx_word' id='word_1_312' title='bbox 325 3317 515 3367; x_wconf 86' lang='lat' dir='ltr'><strong>Bentleianorum</strong></span> <span class='ocrx_word' id='word_1_313' title='bbox 534 3319 604 3384; x_wconf 85' lang='lat' dir='ltr'><strong>longe</strong></span> <span class='ocrx_word' id='word_1_314' title='bbox 621 3319 668 3368; x_wconf 82' lang='lat' dir='ltr'><strong>alie</strong></span> <span class='ocrx_word' id='word_1_315' title='bbox 700 3336 770 3386; x_wconf 85' lang='lat' dir='ltr'><strong>quam</strong></span> <span class='ocrx_word' id='word_1_316' title='bbox 787 3324 888 3371; x_wconf 83' lang='lat' dir='ltr'><strong>servarit</strong></span> <span class='ocrx_word' id='word_1_317' title='bbox 902 3323 1191 3389; x_wconf 60' lang='lat' dir='ltr'><strong>acerrimarum.</strong></span> 
     </span>
     <span class='ocr_line' id='line_1_33' title="bbox 172 3406 1192 3478; baseline 0.008 -21"><span class='ocrx_word' id='word_1_318' title='bbox 172 3411 234 3457; x_wconf 84' lang='lat' dir='ltr'><strong>ratio</strong></span> <span class='ocrx_word' id='word_1_319' title='bbox 257 3418 306 3471; x_wconf 90' lang='lat' dir='ltr'><strong>est,</strong></span> <span class='ocrx_word' id='word_1_320' title='bbox 329 3406 480 3473; x_wconf 85' lang='lat' dir='ltr'><strong>quodetiam</strong></span> <span class='ocrx_word' id='word_1_321' title='bbox 501 3412 575 3476; x_wconf 83' lang='lat' dir='ltr'><strong>magis</strong></span> <span class='ocrx_word' id='word_1_322' title='bbox 596 3427 667 3474; x_wconf 87' lang='lat' dir='ltr'><strong>appa·</strong></span> <span class='ocrx_word' id='word_1_323' title='bbox 699 3411 838 3460; x_wconf 77' lang='lat' dir='ltr'><strong>Fauorinus</strong></span> <span class='ocrx_word' id='word_1_324' title='bbox 859 3414 1022 3478; x_wconf 74' lang='lat' dir='ltr'><strong>Philosophus</strong></span> <span class='ocrx_word' id='word_1_325' title='bbox 1043 3416 1192 3465; x_wconf 68' lang='lat' dir='ltr'><strong>adsumenti</strong></span> 
     </span>
     <span class='ocr_line' id='line_1_34' title="bbox 172 3497 1191 3565; baseline 0.005 -20"><span class='ocrx_word' id='word_1_326' title='bbox 172 3507 249 3559; x_wconf 87' lang='lat' dir='ltr'><strong>reret,</strong></span> <span class='ocrx_word' id='word_1_327' title='bbox 272 3499 292 3544; x_wconf 89' lang='lat' dir='ltr'><strong>si</strong></span> <span class='ocrx_word' id='word_1_328' title='bbox 308 3499 361 3563; x_wconf 85' lang='lat' dir='ltr'><strong>quis</strong></span> <span class='ocrx_word' id='word_1_329' title='bbox 380 3507 470 3546; x_wconf 86' lang='lat' dir='ltr'><strong>ceteras</strong></span> <span class='ocrx_word' id='word_1_330' title='bbox 486 3497 664 3562; x_wconf 86' lang='lat' dir='ltr'><strong>comparationis</strong></span> <span class='ocrx_word' id='word_1_331' title='bbox 696 3504 805 3544; x_wconf 86' lang='lat' dir='ltr'><strong>ueterum</strong></span> <span class='ocrx_word' id='word_1_332' title='bbox 826 3501 951 3548; x_wconf 79' lang='lat' dir='ltr'><strong>verberum</strong></span> <span class='ocrx_word' id='word_1_333' title='bbox 970 3502 1145 3565; x_wconf 85' lang='lat' dir='ltr'><strong>cupidissimo,</strong></span> <span class='ocrx_word' id='word_1_334' title='bbox 1163 3509 1191 3551; x_wconf 87' lang='lat' dir='ltr'><strong>et</strong></span> 
     </span>
     <span class='ocr_line' id='line_1_35' title="bbox 173 3583 1190 3654; baseline 0.006 -22"><span class='ocrx_word' id='word_1_335' title='bbox 173 3593 252 3648; x_wconf 85' lang='lat' dir='ltr'><strong>partes</strong></span> <span class='ocrx_word' id='word_1_336' title='bbox 265 3594 455 3650; x_wconf 87' lang='lat' dir='ltr'><strong>persequeretur.</strong></span> <span class='ocrx_word' id='word_1_337' title='bbox 472 3583 616 3647; x_wconf 88' lang='lat' dir='ltr'><strong>Comparatio</strong></span> <span class='ocrx_word' id='word_1_338' title='bbox 633 3585 666 3632; x_wconf 86' lang='lat' dir='ltr'><strong>sic</strong></span> <span class='ocrx_word' id='word_1_339' title='bbox 693 3586 826 3648; x_wconf 84' lang='lat' dir='ltr'><strong>plerasque</strong></span> <span class='ocrx_word' id='word_1_340' title='bbox 849 3604 916 3637; x_wconf 86' lang='lat' dir='ltr'><strong>uoces</strong></span> <span class='ocrx_word' id='word_1_341' title='bbox 939 3589 1018 3637; x_wconf 87' lang='lat' dir='ltr'><strong>nimis</strong></span> <span class='ocrx_word' id='word_1_342' title='bbox 1038 3590 1141 3654; x_wconf 82' lang='lat' dir='ltr'><strong>priscas</strong></span> <span class='ocrx_word' id='word_1_343' title='bbox 1164 3597 1190 3638; x_wconf 92' lang='lat' dir='ltr'><strong>et</strong></span> 
     </span>
     <span class='ocr_line' id='line_1_36' title="bbox 173 3671 1189 3738; baseline 0.007 -20"><span class='ocrx_word' id='word_1_344' title='bbox 173 3681 224 3719; x_wconf 85' lang='lat' dir='ltr'><strong>erat</strong></span> <span class='ocrx_word' id='word_1_345' title='bbox 242 3671 400 3720; x_wconf 90' lang='lat' dir='ltr'><strong>instituenda:</strong></span> <span class='ocrx_word' id='word_1_346' title='bbox 426 3671 589 3734; x_wconf 65' lang='lat' dir='ltr'><strong>scriptoribus</strong></span> <span class='ocrx_word' id='word_1_347' title='bbox 601 3671 663 3717; x_wconf 75' lang='lat' dir='ltr'><strong>sene-¹</strong></span> <span class='ocrx_word' id='word_1_348' title='bbox 692 3672 868 3736; x_wconf 77' lang='lat' dir='ltr'><strong>ignotissimos</strong></span> <span class='ocrx_word' id='word_1_349' title='bbox 880 3676 910 3722; x_wconf 88' lang='lat' dir='ltr'><strong>in</strong></span> <span class='ocrx_word' id='word_1_350' title='bbox 922 3675 1077 3738; x_wconf 80' lang='lat' dir='ltr'><strong>quotidianis</strong></span> <span class='ocrx_word' id='word_1_351' title='bbox 1087 3690 1189 3725; x_wconf 85' lang='lat' dir='ltr'><strong>cmnmu-</strong></span> 
     </span>
     <span class='ocr_line' id='line_1_37' title="bbox 168 3755 1188 3828; baseline 0.011 -27"><span class='ocrx_word' id='word_1_352' title='bbox 168 3769 217 3818; x_wconf 87' lang='lat' dir='ltr'><strong>per</strong></span> <span class='ocrx_word' id='word_1_353' title='bbox 235 3757 312 3803; x_wconf 82' lang='lat' dir='ltr'><strong>licuit</strong></span> <span class='ocrx_word' id='word_1_354' title='bbox 334 3771 396 3803; x_wconf 86' lang='lat' dir='ltr'><strong>nore</strong></span> <span class='ocrx_word' id='word_1_355' title='bbox 418 3755 532 3802; x_wconf 79' lang='lat' dir='ltr'><strong>uocabula</strong></span> <span class='ocrx_word' id='word_1_356' title='bbox 544 3756 662 3818; x_wconf 79' lang='lat' dir='ltr'><strong>fingere,</strong></span> <span class='ocrx_word' id='word_1_357' title='bbox 695 3757 815 3821; x_wconf 85' lang='lat' dir='ltr'><strong>nidusque</strong></span> <span class='ocrx_word' id='word_1_358' title='bbox 844 3761 995 3809; x_wconf 83' lang='lat' dir='ltr'><strong>sermneibus</strong></span> <span class='ocrx_word' id='word_1_359' title='bbox 1017 3766 1188 3828; x_wconf 81' lang='lat' dir='ltr'><strong>eaprementi,</strong></span> 
     </span>
     <span class='ocr_line' id='line_1_38' title="bbox 172 3842 1187 3914; baseline 0.013 -27"><span class='ocrx_word' id='word_1_360' title='bbox 172 3847 203 3887; x_wconf 89' lang='lat' dir='ltr'><strong>ut</strong></span> <span class='ocrx_word' id='word_1_361' title='bbox 217 3842 410 3905; x_wconf 78' lang='lat' dir='ltr'><strong>nmgistratidas</strong></span> <span class='ocrx_word' id='word_1_362' title='bbox 423 3855 665 3889; x_wconf 85' lang='lat' dir='ltr'><strong>neaesnunmesou·</strong></span> <span class='ocrx_word' id='word_1_363' title='bbox 697 3842 802 3907; x_wconf 78' lang='lat' dir='ltr'><strong>Curius,</strong></span> <span class='ocrx_word' id='word_1_364' title='bbox 827 3846 930 3907; x_wconf 83' lang='lat' dir='ltr'><strong>inquit,</strong></span> <span class='ocrx_word' id='word_1_365' title='bbox 955 3852 982 3894; x_wconf 82' lang='lat' dir='ltr'><strong>et</strong></span> <span class='ocrx_word' id='word_1_366' title='bbox 1006 3847 1187 3914; x_wconf 80' lang='lat' dir='ltr'><strong>Coruncanius,</strong></span> 
     </span>
     <span class='ocr_line' id='line_1_39' title="bbox 172 3925 1187 3997; baseline 0.01 -24"><span class='ocrx_word' id='word_1_367' title='bbox 172 3926 239 3976; x_wconf 84' lang='lat' dir='ltr'><strong>dere.</strong></span> <span class='ocrx_word' id='word_1_368' title='bbox 270 3926 366 3976; x_wconf 81' lang='lat' dir='ltr'><strong>Horatio</strong></span> <span class='ocrx_word' id='word_1_369' title='bbox 386 3929 412 3976; x_wconf 91' lang='lat' dir='ltr'><strong>in</strong></span> <span class='ocrx_word' id='word_1_370' title='bbox 435 3927 480 3976; x_wconf 85' lang='lat' dir='ltr'><strong>hac</strong></span> <span class='ocrx_word' id='word_1_371' title='bbox 504 3925 662 3991; x_wconf 80' lang='lat' dir='ltr'><strong>disputatione</strong></span> <span class='ocrx_word' id='word_1_372' title='bbox 695 3931 870 3992; x_wconf 81' lang='lat' dir='ltr'><strong>antiquissimi</strong></span> <span class='ocrx_word' id='word_1_373' title='bbox 894 3932 948 3979; x_wconf 85' lang='lat' dir='ltr'><strong>uiri</strong></span> <span class='ocrx_word' id='word_1_374' title='bbox 970 3935 1069 3997; x_wconf 75' lang='lat' dir='ltr'><strong>riustri,</strong></span> <span class='ocrx_word' id='word_1_375' title='bbox 1095 3943 1121 3984; x_wconf 87' lang='lat' dir='ltr'><strong>et</strong></span> <span class='ocrx_word' id='word_1_376' title='bbox 1144 3939 1187 3986; x_wconf 78' lang='lat' dir='ltr'><strong>ieie</strong></span> 
     </span>
     <span class='ocr_line' id='line_1_40' title="bbox 171 4013 1187 4085; baseline 0.002 -22"><span class='ocrx_word' id='word_1_377' title='bbox 171 4022 227 4063; x_wconf 84' lang='lat' dir='ltr'><strong>ante</strong></span> <span class='ocrx_word' id='word_1_378' title='bbox 244 4013 323 4063; x_wconf 90' lang='lat' dir='ltr'><strong>oculos</strong></span> <span class='ocrx_word' id='word_1_379' title='bbox 336 4013 472 4066; x_wconf 82' lang='lat' dir='ltr'><strong>versabatur</strong></span> <span class='ocrx_word' id='word_1_380' title='bbox 487 4015 564 4076; x_wconf 81' lang='lat' dir='ltr'><strong>imago</strong></span> <span class='ocrx_word' id='word_1_381' title='bbox 581 4027 660 4061; x_wconf 68' lang='lat' dir='ltr'><strong>mma</strong></span> <span class='ocrx_word' id='word_1_382' title='bbox 691 4014 846 4075; x_wconf 81' lang='lat' dir='ltr'><strong>antiquiores</strong></span> <span class='ocrx_word' id='word_1_383' title='bbox 859 4014 964 4062; x_wconf 85' lang='lat' dir='ltr'><strong>Ileratii</strong></span> <span class='ocrx_word' id='word_1_384' title='bbox 978 4017 1024 4064; x_wconf 82' lang='lat' dir='ltr'><strong>ilii</strong></span> <span class='ocrx_word' id='word_1_385' title='bbox 1040 4019 1187 4085; x_wconf 68' lang='lat' dir='ltr'><strong>trigemini,</strong></span> 
     </span>
     <span class='ocr_line' id='line_1_41' title="bbox 172 4099 1187 4168; baseline 0.006 -19"><span class='ocrx_word' id='word_1_386' title='bbox 172 4108 221 4151; x_wconf 90' lang='lat' dir='ltr'><strong>tae.</strong></span> <span class='ocrx_word' id='word_1_387' title='bbox 250 4101 307 4151; x_wconf 88' lang='lat' dir='ltr'><strong>Ideo</strong></span> <span class='ocrx_word' id='word_1_388' title='bbox 327 4111 351 4150; x_wconf 88' lang='lat' dir='ltr'><strong>et</strong></span> <span class='ocrx_word' id='word_1_389' title='bbox 367 4100 429 4152; x_wconf 81' lang='lat' dir='ltr'><strong>dixit</strong></span> <span class='ocrx_word' id='word_1_390' title='bbox 444 4102 516 4150; x_wconf 81' lang='lat' dir='ltr'><strong>verae</strong></span> <span class='ocrx_word' id='word_1_391' title='bbox 529 4099 608 4162; x_wconf 83' lang='lat' dir='ltr'><strong>fidene</strong></span> <span class='ocrx_word' id='word_1_392' title='bbox 621 4099 662 4148; x_wconf 86' lang='lat' dir='ltr'><strong>in·</strong></span> <span class='ocrx_word' id='word_1_393' title='bbox 689 4101 765 4165; x_wconf 85' lang='lat' dir='ltr'><strong>plane</strong></span> <span class='ocrx_word' id='word_1_394' title='bbox 780 4101 931 4156; x_wconf 66' lang='lat' dir='ltr'><strong>aodimmde</strong></span> <span class='ocrx_word' id='word_1_395' title='bbox 942 4118 997 4153; x_wconf 84' lang='lat' dir='ltr'><strong>eum</strong></span> <span class='ocrx_word' id='word_1_396' title='bbox 1008 4106 1187 4168; x_wconf 54' lang='lat' dir='ltr'><strong>musseium&amp;</strong></span> 
     </span>
    </p>
   </div>
   <div class='ocr_carea' id='block_1_6' title="bbox 0 0 1380 4844">
    <p class='ocr_par' dir='ltr' id='par_1_6' title="bbox 0 0 1380 4844">
     <span class='ocr_line' id='line_1_42' title="bbox 0 0 1380 4844; baseline 0 0"><span class='ocrx_word' id='word_1_397' title='bbox 0 0 1380 4844; x_wconf 95' lang='lat' dir='ltr'><strong> </strong></span> 
     </span>
    </p>
   </div>
  </div>
 </body>
</html>
