2752 4844
182 403 243 468 2³2
452 408 661 471 nontin
692 408 935 474 EPISTOLA

181 604 351 670 251-262.
373 610 483 692 Syllaba
501 610 581 691 longa
597 597 674 670 brevi
781 616 845 671 artis
863 617 977 675 crimine
994 620 1075 698 turpi.

181 706 351 772 270-274.
372 712 411 773 At
430 717 515 772 nostri
533 716 625 793 proeri
730 713 861 774 callemus
880 725 907 775 ct
922 738 995 778 eure.
1097 754 1104 762 -

181 810 354 874 263-269.
375 815 438 875 Non
458 819 547 896 quivis
567 814 641 873 videt
747 826 849 875 versate
868 818 973 878 diurna.

62 903 66 920 ’
181 912 350 977 ets-332.
372 917 459 978 Graiis
479 921 619 998 ingenium
724 915 777 976 leri
798 921 927 986 remanda
944 941 1081 1002 cupressu.

665 1080 709 1140 II.

180 1220 350 1284 275—294.
371 1226 499 1306 Ignotum
518 1227 632 1304 tragicae
737 1229 873 1306 castigavit
892 1226 927 1286 ad
945 1249 1074 1309 unguem.
1121 1213 1140 1222 ⁰

200 1323 281 1385 89-
301 1324 350 1386 98.
371 1326 499 1386 Versibus
519 1329 616 1407 exponi
636 1331 741 1406 tragicis
847 1332 963 1410 tetigisse
982 1332 1100 1412 querela.

181 1425 349 1487 153-178.
370 1428 424 1499 l'u,
445 1425 513 1510 quid
532 1448 581 1508 ego
688 1449 806 1510 aevoque
825 1431 991 1490 morabimur
1010 1437 1086 1513 aptis.

180 1528 348 1595 lle—135.
370 1531 495 1589 Intererit
513 1529 634 1588 multum
741 1539 787 1590 aut
806 1536 893 1611 operis
911 1532 963 1591 lex.
980 1591 984 1597 ,

180 1629 348 1692 179-188.
369 1632 426 1692 tut
445 1635 533 1712 agitur
550 1653 593 1691 res
616 1637 646 1690 in
665 1637 750 1692 scenis
858 1635 1013 1695 incredulus
1030 1637 1084 1696 odi.

176 1732 346 1795 361-365.
368 1736 403 1794 Ut
422 1738 526 1816 pictura
542 1739 629 1814 poesis
735 1734 822 1794 decies
843 1741 954 1816 repetita
973 1737 1097 1818 placebit.
1168 1784 1170 1787 -

177 1834 345 1896 189-250.
366 1837 440 1896 Neve
456 1841 546 1896 minor
565 1841 661 1918 quinto
767 1837 900 1898 donantve
919 1859 1023 1899 corona.

195 1937 277 1999 86-
296 1937 345 1999 88.
367 1940 422 1999 Cur
440 1960 504 2020 ego,
525 1944 549 1998 si
565 1959 672 2021 nequeo
777 1939 879 2000 discere
896 1941 977 2000 malo.

177 2040 345 2102 412-418.
367 2043 420 2116 Qui
440 2042 531 2101 studet
549 2050 667 2122 optatam
771 2045 873 2102 nescire
892 2043 976 2102 fateri.

653 2205 717 2265 111.

195 2349 277 2410 24-
297 2349 345 2410 31.
367 2349 482 2409 Maxima
500 2368 561 2429 pers
580 2357 673 2407 vetum
779 2353 802 2408 si
822 2360 894 2410 caret
912 2361 977 2411 erte.

175 2451 345 2513 347-360.
367 2453 436 2512 Sunt
455 2451 552 2510 delicta
572 2460 663 2509 tamen
769 2450 896 2531 obrepere
915 2474 1049 2512 somnum.

176 2553 346 2615 419-476.
367 2553 403 2613 lJt
421 2572 516 2633 praeco
534 2550 570 2609 ad
588 2570 690 2610 merces
795 2552 876 2632 plena
895 2560 996 2614 cruoris
1014 2555 1119 2616 hirudo.

175 2655 345 2717 366-407.
367 2656 390 2715 0
410 2659 495 2714 maior
513 2658 643 2712 iuvenum
749 2663 777 2713 et
795 2664 888 2717 cantor
906 2655 1013 2737 Apollo.

537 2856 825 2918 BOUllIEliIUS.

216 3066 274 3125 1-
297 3065 341 3124 13.
364 3064 488 3122 Humano
507 3066 588 3141 capiti
695 3064 810 3144 tigribus
829 3069 900 3144 agni.

173 3166 342 3229 408-411.
363 3166 465 3224 Nature
485 3164 560 3223 fieret
580 3163 716 3224 landabile
822 3164 943 3226 coniurat
961 3173 1054 3228 amice.

172 3266 341 3330 295-308.
363 3268 509 3347 Ingenium
527 3270 624 3325 misera
732 3287 787 3348 qno
808 3268 874 3326 ferat
894 3289 974 3328 error.
1013 3268 1015 3275 '

172 3367 341 3433 333-334,
362 3369 419 3429 Aut
438 3368 562 3448 prodesse
581 3368 676 3427 volunt
783 3368 873 3428 dicere
891 3374 969 3430 ritae.
1030 3383 1032 3387 ’

172 3470 342 3535 390-406.
363 3470 501 3530 Silvestres
518 3471 643 3530 'homines
750 3479 843 3530 centor
858 3471 965 3552 Apollo.

191 3574 272 3637 38-
291 3573 339 3633 41.
361 3572 465 3632 Sumite
484 3576 623 3631 materiam
730 3572 837 3632 lucidus
852 3574 925 3633 ordo.

190 3679 273 3739 73-
291 3675 341 3737 78.
361 3676 417 3736 Res
436 3683 523 3755 gestae
541 3680 777 3755 regumque-u
796 3675 885 3735 iudice
905 3677 938 3735 lis
958 3688 1005 3737 est.

190 3780 271 3842 83-
290 3777 339 3838 85·
360 3777 436 3837 lluse
451 3776 526 3836 dedit
542 3776 642 3835 fidibus
745 3782 808 3836 vinu
826 3779 932 3838 referre.

191 3883 272 3943 79-
291 3879 339 3940 82.
360 3879 554 3939 Archilochum
571 3884 678 3958 proprio
778 3879 859 3939 rebus
877 3881 995 3961 agendis.

174 3982 341 4046 119-152.
362 3982 419 4042 Aut
435 3982 534 4041 famam
548 4001 660 4061 sequere
766 3982 898 4062 discrepet
914 3987 1009 4042 imum.

195 4086 273 4148 14-
293 4084 342 4145 37.
363 4086 481 4164 Inceptis
500 4082 623 4164 gravibus
721 4089 853 4166 nigroque
871 4084 979 4166 eupillo.
