<?xml version="1.0" encoding="UTF-8"?>
<!DOCTYPE html PUBLIC "-//W3C//DTD XHTML 1.0 Transitional//EN"
    "http://www.w3.org/TR/xhtml1/DTD/xhtml1-transitional.dtd">
<html xmlns="http://www.w3.org/1999/xhtml" xml:lang="en" lang="en">
 <head>
  <title>
</title>
<meta http-equiv="Content-Type" content="text/html;charset=utf-8" />
  <meta name='ocr-system' content='tesseract 3.04.00' />
  <meta name='ocr-capabilities' content='ocr_page ocr_carea ocr_par ocr_line ocrx_word'/>
</head>
<body>
  <div class='ocr_page' id='page_1' title='image "./qhoratiiflaccie01horagoog_0079.png"; bbox 0 0 2752 4844; ppageno 0'>
   <div class='ocr_carea' id='block_1_1' title="bbox 198 416 959 502">
    <p class='ocr_par' dir='ltr' id='par_1_1' title="bbox 198 416 959 502">
     <span class='ocr_line' id='line_1_1' title="bbox 198 416 959 502; baseline 0 -24"><span class='ocrx_word' id='word_1_1' title='bbox 198 417 239 478; x_wconf 88' lang='lat'><strong>70</strong></span> <span class='ocrx_word' id='word_1_2' title='bbox 404 496 406 502; x_wconf 23' lang='grc' dir='ltr'>Ι</span> <span class='ocrx_word' id='word_1_3' title='bbox 463 420 675 482; x_wconf 71' lang='lat' dir='ltr'><strong>flouitll</strong></span> <span class='ocrx_word' id='word_1_4' title='bbox 710 416 959 480; x_wconf 77' lang='lat' dir='ltr'><strong>samsona</strong></span> 
     </span>
    </p>
   </div>
   <div class='ocr_carea' id='block_1_2' title="bbox 227 606 948 718">
    <p class='ocr_par' dir='ltr' id='par_1_2' title="bbox 227 606 948 718">
     <span class='ocr_line' id='line_1_2' title="bbox 227 606 948 718; baseline 0 -30"><span class='ocrx_word' id='word_1_5' title='bbox 227 606 544 694; x_wconf 76' lang='lat' dir='ltr'><strong>Publica&#39;materiee</strong></span> <span class='ocrx_word' id='word_1_6' title='bbox 567 621 689 718; x_wconf 84' lang='lat' dir='ltr'><strong>privati</strong></span> <span class='ocrx_word' id='word_1_7' title='bbox 709 621 792 691; x_wconf 84' lang='lat' dir='ltr'><strong>iuris</strong></span> <span class='ocrx_word' id='word_1_8' title='bbox 815 622 896 710; x_wconf 87' lang='lat' dir='ltr'><strong>erit,</strong></span> <span class='ocrx_word' id='word_1_9' title='bbox 921 621 948 688; x_wconf 85' lang='lat' dir='ltr'><strong>si</strong></span> 
     </span>
    </p>
   </div>
   <div class='ocr_carea' id='block_1_3' title="bbox 140 839 1235 4155">
    <p class='ocr_par' dir='ltr' id='par_1_3' title="bbox 144 839 1231 1676">
     <span class='ocr_line' id='line_1_3' title="bbox 196 839 1229 909; baseline 0 -20"><span class='ocrx_word' id='word_1_10' title='bbox 196 841 321 889; x_wconf 83' lang='lat' dir='ltr'><strong>Didueere</strong></span> <span class='ocrx_word' id='word_1_11' title='bbox 341 840 463 906; x_wconf 82' lang='lat' dir='ltr'>Rhenum,</span> <span class='ocrx_word' id='word_1_12' title='bbox 485 844 605 909; x_wconf 80' lang='lat' dir='ltr'><strong>significat</strong></span> <span class='ocrx_word' id='word_1_13' title='bbox 623 842 697 892; x_wconf 89' lang='lat' dir='ltr'><strong>dedu·</strong></span> <span class='ocrx_word' id='word_1_14' title='bbox 729 844 833 909; x_wconf 82' lang='lat' dir='ltr'><strong>incepit:</strong></span> <span class='ocrx_word' id='word_1_15' title='bbox 847 845 938 907; x_wconf 78' lang='lat' dir='ltr'>incepit</span> <span class='ocrx_word' id='word_1_16' title='bbox 950 859 965 891; x_wconf 90' lang='lat' dir='ltr'><strong>a</strong></span> <span class='ocrx_word' id='word_1_17' title='bbox 977 840 1068 908; x_wconf 77' lang='grc' dir='ltr'><strong>Μῇνιν</strong></span> <span class='ocrx_word' id='word_1_18' title='bbox 1084 839 1161 891; x_wconf 73' lang='grc' dir='ltr'><em>ἄειδε</em></span> <span class='ocrx_word' id='word_1_19' title='bbox 1171 841 1229 889; x_wconf 77' lang='grc' dir='ltr'><strong>θεὰ</strong></span> 
     </span>
     <span class='ocr_line' id='line_1_4' title="bbox 196 927 1229 994; baseline -0.002 -18"><span class='ocrx_word' id='word_1_20' title='bbox 196 943 250 976; x_wconf 82' lang='lat' dir='ltr'><strong>cere</strong></span> <span class='ocrx_word' id='word_1_21' title='bbox 266 927 292 974; x_wconf 91' lang='lat' dir='ltr'><strong>in</strong></span> <span class='ocrx_word' id='word_1_22' title='bbox 307 928 384 976; x_wconf 86' lang='lat' dir='ltr'><strong>varias</strong></span> <span class='ocrx_word' id='word_1_23' title='bbox 399 938 493 994; x_wconf 81' lang='lat' dir='ltr'><strong>partes,</strong></span> <span class='ocrx_word' id='word_1_24' title='bbox 510 927 616 978; x_wconf 84' lang='lat' dir='ltr'><strong>dividere</strong></span> <span class='ocrx_word' id='word_1_25' title='bbox 631 946 656 978; x_wconf 83' lang='lat' dir='ltr'><strong>v.</strong></span> <span class='ocrx_word' id='word_1_26' title='bbox 674 946 695 979; x_wconf 86' lang='lat' dir='ltr'><strong>e.</strong></span> <span class='ocrx_word' id='word_1_27' title='bbox 729 927 897 994; x_wconf 75' lang='grc' dir='ltr'><em>Πηληϊάδεω</em></span> <span class='ocrx_word' id='word_1_28' title='bbox 914 927 1060 994; x_wconf 81' lang='grc' dir='ltr'><strong>Ἀχιλῆος,</strong></span> <span class='ocrx_word' id='word_1_29' title='bbox 1081 927 1126 975; x_wconf 88' lang='lat' dir='ltr'><strong>hoo</strong></span> <span class='ocrx_word' id='word_1_30' title='bbox 1143 936 1179 975; x_wconf 89' lang='lat' dir='ltr'><strong>est</strong></span> <span class='ocrx_word' id='word_1_31' title='bbox 1198 927 1229 973; x_wconf 81' lang='lat' dir='ltr'><strong>ab</strong></span> 
     </span>
     <span class='ocr_line' id='line_1_5' title="bbox 196 1010 1230 1078; baseline -0.002 -16"><span class='ocrx_word' id='word_1_32' title='bbox 196 1014 223 1062; x_wconf 90' lang='lat' dir='ltr'><strong>in</strong></span> <span class='ocrx_word' id='word_1_33' title='bbox 244 1013 343 1076; x_wconf 83' lang='lat' dir='ltr'><strong>Mosam,</strong></span> <span class='ocrx_word' id='word_1_34' title='bbox 366 1013 490 1078; x_wconf 83' lang='lat' dir='ltr'><strong>Tahalim,</strong></span> <span class='ocrx_word' id='word_1_35' title='bbox 510 1016 611 1078; x_wconf 80' lang='lat' dir='ltr'><strong>Ioniam,</strong></span> <span class='ocrx_word' id='word_1_36' title='bbox 633 1016 697 1065; x_wconf 88' lang='lat' dir='ltr'><strong>Hun-</strong></span> <span class='ocrx_word' id='word_1_37' title='bbox 728 1017 798 1064; x_wconf 82' lang='lat' dir='ltr'><strong>irato</strong></span> <span class='ocrx_word' id='word_1_38' title='bbox 812 1015 924 1077; x_wconf 76' lang='lat' dir='ltr'><strong>Achille,</strong></span> <span class='ocrx_word' id='word_1_39' title='bbox 945 1013 975 1062; x_wconf 90' lang='lat' dir='ltr'><strong>ab</strong></span> <span class='ocrx_word' id='word_1_40' title='bbox 994 1015 1064 1062; x_wconf 90' lang='lat' dir='ltr'><strong>initio</strong></span> <span class='ocrx_word' id='word_1_41' title='bbox 1081 1011 1169 1062; x_wconf 88' lang='lat' dir='ltr'><strong>Iliados</strong></span> <span class='ocrx_word' id='word_1_42' title='bbox 1189 1010 1230 1060; x_wconf 90' lang='lat' dir='ltr'><strong>de·</strong></span> 
     </span>
     <span class='ocr_line' id='line_1_6' title="bbox 197 1097 1230 1165; baseline -0.001 -20"><span class='ocrx_word' id='word_1_43' title='bbox 197 1113 263 1161; x_wconf 84' lang='lat' dir='ltr'><strong>snm,</strong></span> <span class='ocrx_word' id='word_1_44' title='bbox 289 1097 381 1162; x_wconf 78' lang='lat' dir='ltr'><strong>iham,</strong></span> <span class='ocrx_word' id='word_1_45' title='bbox 402 1098 506 1148; x_wconf 80' lang='lat' dir='ltr'><strong>Flevum.</strong></span> <span class='ocrx_word' id='word_1_46' title='bbox 530 1100 579 1148; x_wconf 87' lang='lat' dir='ltr'><strong>Iam</strong></span> <span class='ocrx_word' id='word_1_47' title='bbox 603 1118 697 1150; x_wconf 83' lang='lat' dir='ltr'><strong>carmen</strong></span> <span class='ocrx_word' id='word_1_48' title='bbox 730 1100 814 1165; x_wconf 83' lang='lat' dir='ltr'><strong>duxit,</strong></span> <span class='ocrx_word' id='word_1_49' title='bbox 836 1111 861 1149; x_wconf 88' lang='lat' dir='ltr'><strong>et</strong></span> <span class='ocrx_word' id='word_1_50' title='bbox 882 1101 1029 1149; x_wconf 78' lang='lat' dir='ltr'><strong>continuavit</strong></span> <span class='ocrx_word' id='word_1_51' title='bbox 1047 1098 1166 1164; x_wconf 81' lang='lat' dir='ltr'><strong>quidquid</strong></span> <span class='ocrx_word' id='word_1_52' title='bbox 1181 1099 1230 1145; x_wconf 74' lang='lat' dir='ltr'><strong>He</strong></span> 
     </span>
     <span class='ocr_line' id='line_1_7' title="bbox 195 1180 1231 1251; baseline -0.001 -20"><span class='ocrx_word' id='word_1_53' title='bbox 195 1183 308 1247; x_wconf 83' lang='lat' dir='ltr'><strong>Iliacum,</strong></span> <span class='ocrx_word' id='word_1_54' title='bbox 318 1185 387 1248; x_wconf 88' lang='lat' dir='ltr'><strong>Ilias,</strong></span> <span class='ocrx_word' id='word_1_55' title='bbox 399 1195 435 1233; x_wconf 86' lang='lat' dir='ltr'><strong>est</strong></span> <span class='ocrx_word' id='word_1_56' title='bbox 445 1185 542 1233; x_wconf 85' lang='lat' dir='ltr'><strong>flumen.</strong></span> <span class='ocrx_word' id='word_1_57' title='bbox 557 1186 642 1251; x_wconf 90' lang='lat' dir='ltr'><strong>Ingens</strong></span> <span class='ocrx_word' id='word_1_58' title='bbox 653 1186 698 1235; x_wconf 91' lang='lat' dir='ltr'><strong>illa</strong></span> <span class='ocrx_word' id='word_1_59' title='bbox 729 1203 795 1234; x_wconf 83' lang='lat' dir='ltr'><strong>mero</strong></span> <span class='ocrx_word' id='word_1_60' title='bbox 812 1187 934 1248; x_wconf 81' lang='lat' dir='ltr'><strong>restabat,</strong></span> <span class='ocrx_word' id='word_1_61' title='bbox 955 1194 983 1232; x_wconf 92' lang='lat' dir='ltr'><strong>ut</strong></span> <span class='ocrx_word' id='word_1_62' title='bbox 1004 1184 1068 1233; x_wconf 89' lang='lat' dir='ltr'><strong>idem</strong></span> <span class='ocrx_word' id='word_1_63' title='bbox 1083 1183 1178 1232; x_wconf 84' lang='lat' dir='ltr'><strong>Ovidius</strong></span> <span class='ocrx_word' id='word_1_64' title='bbox 1194 1180 1231 1230; x_wconf 91' lang='lat' dir='ltr'><strong>di·</strong></span> 
     </span>
     <span class='ocr_line' id='line_1_8' title="bbox 195 1266 1230 1338; baseline -0.003 -20"><span class='ocrx_word' id='word_1_65' title='bbox 195 1269 345 1336; x_wconf 86' lang='lat' dir='ltr'><strong>‘l&#39;ragieorum</strong></span> <span class='ocrx_word' id='word_1_66' title='bbox 369 1266 498 1318; x_wconf 87' lang='lat' dir='ltr'><strong>multitudo</strong></span> <span class='ocrx_word' id='word_1_67' title='bbox 519 1270 562 1319; x_wconf 89' lang='lat' dir='ltr'><strong>din</strong></span> <span class='ocrx_word' id='word_1_68' title='bbox 583 1281 638 1320; x_wconf 91' lang='lat' dir='ltr'><strong>ante</strong></span> <span class='ocrx_word' id='word_1_69' title='bbox 660 1273 697 1320; x_wconf 90' lang='lat' dir='ltr'><strong>Pi·</strong></span> <span class='ocrx_word' id='word_1_70' title='bbox 729 1274 776 1335; x_wconf 80' lang='lat' dir='ltr'><strong>eit,</strong></span> <span class='ocrx_word' id='word_1_71' title='bbox 798 1273 880 1338; x_wconf 84' lang='lat' dir='ltr'><strong>itaque</strong></span> <span class='ocrx_word' id='word_1_72' title='bbox 896 1272 1019 1336; x_wconf 70' lang='lat' dir='ltr'><strong>perduxit</strong></span> <span class='ocrx_word' id='word_1_73' title='bbox 1037 1269 1068 1317; x_wconf 90' lang='lat' dir='ltr'><strong>ad</strong></span> <span class='ocrx_word' id='word_1_74' title='bbox 1084 1279 1178 1334; x_wconf 88' lang='lat' dir='ltr'><strong>tempus</strong></span> <span class='ocrx_word' id='word_1_75' title='bbox 1193 1284 1230 1315; x_wconf 82' lang='lat' dir='ltr'><strong>re·</strong></span> 
     </span>
     <span class='ocr_line' id='line_1_9' title="bbox 144 1353 1230 1422; baseline -0.005 -18"><span class='ocrx_word' id='word_1_76' title='bbox 144 1399 146 1404; x_wconf 81' lang='grc'>,</span> <span class='ocrx_word' id='word_1_77' title='bbox 195 1372 263 1404; x_wconf 82' lang='lat' dir='ltr'><strong>sones</strong></span> <span class='ocrx_word' id='word_1_78' title='bbox 283 1354 383 1402; x_wconf 80' lang='lat' dir='ltr'><strong>Iliadem</strong></span> <span class='ocrx_word' id='word_1_79' title='bbox 403 1354 498 1404; x_wconf 86' lang='lat' dir='ltr'><strong>diduxit</strong></span> <span class='ocrx_word' id='word_1_80' title='bbox 511 1357 537 1403; x_wconf 91' lang='lat' dir='ltr'><strong>in</strong></span> <span class='ocrx_word' id='word_1_81' title='bbox 558 1367 653 1404; x_wconf 87' lang='lat' dir='ltr'><strong>eentum</strong></span> <span class='ocrx_word' id='word_1_82' title='bbox 675 1366 700 1404; x_wconf 87' lang='lat' dir='ltr'><strong>et</strong></span> <span class='ocrx_word' id='word_1_83' title='bbox 732 1357 841 1419; x_wconf 74' lang='lat' dir='ltr'><strong>centius,</strong></span> <span class='ocrx_word' id='word_1_84' title='bbox 867 1373 938 1422; x_wconf 88' lang='lat' dir='ltr'><strong>quam</strong></span> <span class='ocrx_word' id='word_1_85' title='bbox 962 1372 1009 1421; x_wconf 86' lang='lat' dir='ltr'><strong>qno</strong></span> <span class='ocrx_word' id='word_1_86' title='bbox 1032 1353 1137 1402; x_wconf 77' lang='lat' dir='ltr'><strong>Achilles</strong></span> <span class='ocrx_word' id='word_1_87' title='bbox 1160 1354 1230 1402; x_wconf 67' lang='lat' dir='ltr'><strong>vixit.</strong></span> 
     </span>
     <span class='ocr_line' id='line_1_10' title="bbox 196 1439 1231 1508; baseline -0.001 -22"><span class='ocrx_word' id='word_1_88' title='bbox 196 1439 440 1506; x_wconf 86' lang='lat' dir='ltr'><strong>pluresTragoedias;</strong></span> <span class='ocrx_word' id='word_1_89' title='bbox 456 1442 522 1504; x_wconf 86' lang='lat' dir='ltr'><strong>Piso,</strong></span> <span class='ocrx_word' id='word_1_90' title='bbox 536 1443 610 1490; x_wconf 88' lang='lat' dir='ltr'><strong>maior</strong></span> <span class='ocrx_word' id='word_1_91' title='bbox 625 1451 697 1504; x_wconf 86' lang='lat' dir='ltr'><strong>natu,</strong></span> <span class='ocrx_word' id='word_1_92' title='bbox 729 1441 885 1491; x_wconf 85' lang='lat' dir='ltr'><strong>Scribendum</strong></span> <span class='ocrx_word' id='word_1_93' title='bbox 902 1453 974 1508; x_wconf 91' lang='lat' dir='ltr'><strong>puto:</strong></span> <span class='ocrx_word' id='word_1_94' title='bbox 999 1442 1101 1490; x_wconf 80' lang='lat' dir='ltr'><strong><em>Carmen</em></strong></span> <span class='ocrx_word' id='word_1_95' title='bbox 1118 1441 1148 1487; x_wconf 82' lang='lat' dir='ltr'><strong>ab</strong></span> <span class='ocrx_word' id='word_1_96' title='bbox 1163 1441 1231 1486; x_wconf 79' lang='lat' dir='ltr'><strong>irato</strong></span> 
     </span>
     <span class='ocr_line' id='line_1_11' title="bbox 195 1522 1231 1592; baseline -0.003 -19"><span class='ocrx_word' id='word_1_97' title='bbox 195 1522 324 1573; x_wconf 78' lang='lat' dir='ltr'><strong>deducerei</strong></span> <span class='ocrx_word' id='word_1_98' title='bbox 346 1527 372 1574; x_wconf 89' lang='lat' dir='ltr'><strong>in</strong></span> <span class='ocrx_word' id='word_1_99' title='bbox 392 1542 464 1575; x_wconf 85' lang='lat' dir='ltr'><strong>unam</strong></span> <span class='ocrx_word' id='word_1_100' title='bbox 483 1526 643 1592; x_wconf 76' lang='lat' dir='ltr'><strong>Tragoediam.</strong></span> <span class='ocrx_word' id='word_1_101' title='bbox 673 1527 699 1575; x_wconf 89' lang='lat' dir='ltr'><strong>Si</strong></span> <span class='ocrx_word' id='word_1_102' title='bbox 730 1527 787 1575; x_wconf 84' lang='lat' dir='ltr'><strong>dum</strong></span> <span class='ocrx_word' id='word_1_103' title='bbox 804 1535 833 1575; x_wconf 84' lang='lat' dir='ltr'><strong>tu</strong></span> <span class='ocrx_word' id='word_1_104' title='bbox 848 1528 948 1576; x_wconf 74' lang='lat' dir='ltr'><strong>deducis</strong></span> <span class='ocrx_word' id='word_1_105' title='bbox 962 1527 1077 1589; x_wconf 78' lang='lat' dir='ltr'><strong>Achille,</strong></span> <span class='ocrx_word' id='word_1_106' title='bbox 1098 1526 1231 1588; x_wconf 81' lang='lat' dir='ltr'><strong>Primoque</strong></span> 
     </span>
     <span class='ocr_line' id='line_1_12' title="bbox 195 1610 1103 1676; baseline 0.004 -19"><span class='ocrx_word' id='word_1_107' title='bbox 195 1610 333 1675; x_wconf 80' lang='lat' dir='ltr'><strong>Metaphora</strong></span> <span class='ocrx_word' id='word_1_108' title='bbox 353 1613 430 1676; x_wconf 85' lang='lat' dir='ltr'><strong>petita</strong></span> <span class='ocrx_word' id='word_1_109' title='bbox 452 1614 604 1676; x_wconf 73' lang='lat' dir='ltr'><strong>uetulum,</strong></span> <span class='ocrx_word' id='word_1_110' title='bbox 627 1615 696 1661; x_wconf 89' lang='lat' dir='ltr'><strong>unice</strong></span> <span class='ocrx_word' id='word_1_111' title='bbox 728 1615 826 1661; x_wconf 80' lang='lat' dir='ltr'><strong>iuratis</strong></span> <span class='ocrx_word' id='word_1_112' title='bbox 841 1615 929 1661; x_wconf 80' lang='lat' dir='ltr'><strong>induis</strong></span> <span class='ocrx_word' id='word_1_113' title='bbox 944 1629 1014 1660; x_wconf 79' lang='lat' dir='ltr'><strong>amu</strong></span> <span class='ocrx_word' id='word_1_114' title='bbox 1029 1612 1103 1661; x_wconf 65' lang='lat' dir='ltr'><strong>uiris.</strong></span> 
     </span>
    </p>

    <p class='ocr_par' dir='ltr' id='par_1_4' title="bbox 140 1696 1235 4155">
     <span class='ocr_line' id='line_1_13' title="bbox 198 1696 1232 1765; baseline 0 -22"><span class='ocrx_word' id='word_1_115' title='bbox 198 1696 327 1746; x_wconf 85' lang='lat' dir='ltr'><strong>tenendum</strong></span> <span class='ocrx_word' id='word_1_116' title='bbox 349 1699 456 1747; x_wconf 67' lang='lat' dir='ltr'><strong>deducus.</strong></span> <span class='ocrx_word' id='word_1_117' title='bbox 482 1699 614 1765; x_wconf 86' lang='lat' dir='ltr'><strong>Numquam</strong></span> <span class='ocrx_word' id='word_1_118' title='bbox 635 1701 699 1748; x_wconf 88' lang='lat' dir='ltr'><strong>enim</strong></span> <span class='ocrx_word' id='word_1_119' title='bbox 765 1701 849 1762; x_wconf 87' lang='lat' dir='ltr'><strong>Tuque</strong></span> <span class='ocrx_word' id='word_1_120' title='bbox 878 1701 981 1748; x_wconf 74' lang='lat' dir='ltr'><strong>Rectius</strong></span> <span class='ocrx_word' id='word_1_121' title='bbox 1004 1699 1110 1746; x_wconf 74' lang='lat' dir='ltr'><strong>Iliacum</strong></span> <span class='ocrx_word' id='word_1_122' title='bbox 1134 1710 1232 1744; x_wconf 71' lang='lat' dir='ltr'><strong>cannen</strong></span> 
     </span>
     <span class='ocr_line' id='line_1_14' title="bbox 198 1781 1233 1850; baseline -0.002 -20"><span class='ocrx_word' id='word_1_123' title='bbox 198 1781 288 1830; x_wconf 84' lang='lat' dir='ltr'><strong>dieitur</strong></span> <span class='ocrx_word' id='word_1_124' title='bbox 309 1784 367 1832; x_wconf 83' lang='lat' dir='ltr'><strong>leue</strong></span> <span class='ocrx_word' id='word_1_125' title='bbox 387 1784 502 1848; x_wconf 81' lang='lat' dir='ltr'><strong>diducta,</strong></span> <span class='ocrx_word' id='word_1_126' title='bbox 525 1787 582 1850; x_wconf 89' lang='lat' dir='ltr'><strong>quia</strong></span> <span class='ocrx_word' id='word_1_127' title='bbox 602 1784 631 1833; x_wconf 94' lang='lat' dir='ltr'><strong>de</strong></span> <span class='ocrx_word' id='word_1_128' title='bbox 648 1784 699 1832; x_wconf 84' lang='lat' dir='ltr'><strong>eolo</strong></span> <span class='ocrx_word' id='word_1_129' title='bbox 731 1784 871 1832; x_wconf 77' lang='lat' dir='ltr'><strong>deducisiu</strong></span> <span class='ocrx_word' id='word_1_130' title='bbox 883 1793 966 1847; x_wconf 82' lang='lat' dir='ltr'><strong>uetus,</strong></span> <span class='ocrx_word' id='word_1_131' title='bbox 979 1785 1057 1843; x_wconf 59' lang='lat' dir='ltr'><strong>Qum</strong></span> <span class='ocrx_word' id='word_1_132' title='bbox 1069 1785 1095 1830; x_wconf 82' lang='lat' dir='ltr'><strong>ei</strong></span> <span class='ocrx_word' id='word_1_133' title='bbox 1105 1797 1153 1846; x_wconf 82' lang='lat' dir='ltr'><strong>pro</strong></span> <span class='ocrx_word' id='word_1_134' title='bbox 1165 1796 1233 1829; x_wconf 82' lang='lat' dir='ltr'><strong>erres</strong></span> 
     </span>
     <span class='ocr_line' id='line_1_15' title="bbox 195 1866 1232 1934; baseline -0.003 -17"><span class='ocrx_word' id='word_1_135' title='bbox 195 1869 328 1918; x_wconf 77' lang='lat' dir='ltr'><strong>deducitur</strong></span> <span class='ocrx_word' id='word_1_136' title='bbox 343 1871 368 1917; x_wconf 92' lang='lat' dir='ltr'><strong>iu</strong></span> <span class='ocrx_word' id='word_1_137' title='bbox 386 1885 459 1918; x_wconf 88' lang='lat' dir='ltr'><strong>unum</strong></span> <span class='ocrx_word' id='word_1_138' title='bbox 476 1868 631 1934; x_wconf 74' lang='lat' dir='ltr'><strong>umdemque</strong></span> <span class='ocrx_word' id='word_1_139' title='bbox 646 1869 698 1916; x_wconf 88' lang='lat' dir='ltr'><strong>fiio·</strong></span> <span class='ocrx_word' id='word_1_140' title='bbox 729 1871 819 1934; x_wconf 78' lang='lat' dir='ltr'><strong>ignoto</strong></span> <span class='ocrx_word' id='word_1_141' title='bbox 834 1870 978 1934; x_wconf 80' lang='lat' dir='ltr'><strong>indictoque</strong></span> <span class='ocrx_word' id='word_1_142' title='bbox 989 1872 1098 1934; x_wconf 66' lang='lat' dir='ltr'><strong>primus.</strong></span> <span class='ocrx_word' id='word_1_143' title='bbox 1119 1866 1181 1932; x_wconf 81' lang='lat' dir='ltr'><strong>Qnid</strong></span> <span class='ocrx_word' id='word_1_144' title='bbox 1196 1867 1232 1914; x_wconf 79' lang='lat' dir='ltr'><strong>ie·</strong></span> 
     </span>
     <span class='ocr_line' id='line_1_16' title="bbox 197 1952 1232 2020; baseline -0.004 -17"><span class='ocrx_word' id='word_1_145' title='bbox 197 1971 251 2003; x_wconf 89' lang='lat' dir='ltr'><strong>rum</strong></span> <span class='ocrx_word' id='word_1_146' title='bbox 271 1972 373 2004; x_wconf 82' lang='lat' dir='ltr'><strong>cursum.</strong></span> <span class='ocrx_word' id='word_1_147' title='bbox 398 1956 475 2020; x_wconf 74' lang='lat' dir='ltr'><strong>itque</strong></span> <span class='ocrx_word' id='word_1_148' title='bbox 496 1957 542 2003; x_wconf 85' lang='lat' dir='ltr'><strong>ista</strong></span> <span class='ocrx_word' id='word_1_149' title='bbox 563 1953 700 2018; x_wconf 86' lang='lat' dir='ltr'><strong>Metaphora</strong></span> <span class='ocrx_word' id='word_1_150' title='bbox 732 1963 789 2002; x_wconf 90' lang='lat' dir='ltr'><strong>runt</strong></span> <span class='ocrx_word' id='word_1_151' title='bbox 809 1956 855 2003; x_wconf 87' lang='lat' dir='ltr'><strong>ista</strong></span> <span class='ocrx_word' id='word_1_152' title='bbox 870 1954 961 2004; x_wconf 72' lang='lat' dir='ltr'><strong>verba?</strong></span> <span class='ocrx_word' id='word_1_153' title='bbox 980 1955 1076 2003; x_wconf 86' lang='lat' dir='ltr'><strong>Omnino</strong></span> <span class='ocrx_word' id='word_1_154' title='bbox 1092 1955 1181 2001; x_wconf 83' lang='lat' dir='ltr'><strong>rectius</strong></span> <span class='ocrx_word' id='word_1_155' title='bbox 1196 1952 1232 2000; x_wconf 81' lang='lat' dir='ltr'><strong>ia-</strong></span> 
     </span>
     <span class='ocr_line' id='line_1_17' title="bbox 198 2038 1232 2109; baseline -0.003 -22"><span class='ocrx_word' id='word_1_156' title='bbox 198 2038 268 2088; x_wconf 87' lang='lat' dir='ltr'><strong>valde</strong></span> <span class='ocrx_word' id='word_1_157' title='bbox 293 2041 467 2109; x_wconf 77' lang='lat' dir='ltr'><strong>frequentetur.</strong></span> <span class='ocrx_word' id='word_1_158' title='bbox 503 2039 560 2088; x_wconf 81' lang='lat' dir='ltr'><strong>Vide</strong></span> <span class='ocrx_word' id='word_1_159' title='bbox 591 2039 701 2104; x_wconf 83' lang='lat' dir='ltr'><strong>exempla</strong></span> <span class='ocrx_word' id='word_1_160' title='bbox 733 2041 795 2103; x_wconf 81' lang='lat' dir='ltr'><strong>cies,</strong></span> <span class='ocrx_word' id='word_1_161' title='bbox 812 2041 832 2088; x_wconf 84' lang='lat' dir='ltr'><strong>si</strong></span> <span class='ocrx_word' id='word_1_162' title='bbox 847 2039 991 2105; x_wconf 89' lang='lat' dir='ltr'><strong>tragoediam</strong></span> <span class='ocrx_word' id='word_1_163' title='bbox 1007 2041 1116 2088; x_wconf 83' lang='lat' dir='ltr'><strong>sumseris</strong></span> <span class='ocrx_word' id='word_1_164' title='bbox 1133 2054 1163 2086; x_wconf 82' lang='lat' dir='ltr'><strong>ex</strong></span> <span class='ocrx_word' id='word_1_165' title='bbox 1178 2053 1232 2102; x_wconf 89' lang='lat' dir='ltr'><strong>per-</strong></span> 
     </span>
     <span class='ocr_line' id='line_1_18' title="bbox 199 2121 1233 2191; baseline -0.006 -14"><span class='ocrx_word' id='word_1_166' title='bbox 199 2124 350 2189; x_wconf 76' lang='lat' dir='ltr'><strong>upudBurm.</strong></span> <span class='ocrx_word' id='word_1_167' title='bbox 364 2125 394 2172; x_wconf 87' lang='lat' dir='ltr'><strong>ad</strong></span> <span class='ocrx_word' id='word_1_168' title='bbox 404 2124 481 2174; x_wconf 87' lang='lat' dir='ltr'><strong>Ovidii</strong></span> <span class='ocrx_word' id='word_1_169' title='bbox 492 2126 665 2189; x_wconf 78' lang='lat' dir='ltr'><strong>Amor.I,nv‚</strong></span> <span class='ocrx_word' id='word_1_170' title='bbox 675 2127 699 2174; x_wconf 87' lang='grc'><strong>7.</strong></span> <span class='ocrx_word' id='word_1_171' title='bbox 732 2141 789 2173; x_wconf 85' lang='lat' dir='ltr'><strong>aona</strong></span> <span class='ocrx_word' id='word_1_172' title='bbox 803 2125 890 2188; x_wconf 89' lang='lat' dir='ltr'><strong>lliaea,</strong></span> <span class='ocrx_word' id='word_1_173' title='bbox 912 2142 983 2191; x_wconf 88' lang='lat' dir='ltr'><strong>quam</strong></span> <span class='ocrx_word' id='word_1_174' title='bbox 999 2128 1019 2174; x_wconf 85' lang='lat' dir='ltr'><strong>si</strong></span> <span class='ocrx_word' id='word_1_175' title='bbox 1033 2140 1118 2174; x_wconf 83' lang='lat' dir='ltr'><strong>novam</strong></span> <span class='ocrx_word' id='word_1_176' title='bbox 1131 2133 1156 2171; x_wconf 89' lang='lat' dir='ltr'><strong>et</strong></span> <span class='ocrx_word' id='word_1_177' title='bbox 1170 2121 1233 2172; x_wconf 90' lang='lat' dir='ltr'><strong>indi·</strong></span> 
     </span>
     <span class='ocr_line' id='line_1_19' title="bbox 199 2211 1233 2276; baseline -0.005 -16"><span class='ocrx_word' id='word_1_178' title='bbox 199 2221 225 2260; x_wconf 87' lang='lat' dir='ltr'><strong>et</strong></span> <span class='ocrx_word' id='word_1_179' title='bbox 240 2211 342 2259; x_wconf 85' lang='lat' dir='ltr'><strong>alterum</strong></span> <span class='ocrx_word' id='word_1_180' title='bbox 363 2211 442 2260; x_wconf 88' lang='lat' dir='ltr'><strong>Burm.</strong></span> <span class='ocrx_word' id='word_1_181' title='bbox 462 2211 492 2260; x_wconf 88' lang='lat' dir='ltr'><strong>ad</strong></span> <span class='ocrx_word' id='word_1_182' title='bbox 507 2211 604 2260; x_wconf 77' lang='lat' dir='ltr'><strong>inthol.</strong></span> <span class='ocrx_word' id='word_1_183' title='bbox 621 2211 647 2260; x_wconf 91' lang='lat' dir='ltr'><strong>T.</strong></span> <span class='ocrx_word' id='word_1_184' title='bbox 661 2211 698 2274; x_wconf 84' lang='lat'><strong>11,</strong></span> <span class='ocrx_word' id='word_1_185' title='bbox 732 2220 795 2260; x_wconf 88' lang='lat' dir='ltr'><strong>etam</strong></span> <span class='ocrx_word' id='word_1_186' title='bbox 810 2213 861 2276; x_wconf 89' lang='lat' dir='ltr'><strong>ipse</strong></span> <span class='ocrx_word' id='word_1_187' title='bbox 877 2212 1022 2260; x_wconf 80' lang='lat' dir='ltr'><strong>formaveris.</strong></span> <span class='ocrx_word' id='word_1_188' title='bbox 1039 2211 1087 2260; x_wconf 88' lang='lat' dir='ltr'><strong>Hoc</strong></span> <span class='ocrx_word' id='word_1_189' title='bbox 1103 2225 1180 2275; x_wconf 91' lang='lat' dir='ltr'><strong>neque</strong></span> <span class='ocrx_word' id='word_1_190' title='bbox 1193 2224 1233 2255; x_wconf 88' lang='lat' dir='ltr'><strong>ve·</strong></span> 
     </span>
     <span class='ocr_line' id='line_1_20' title="bbox 197 2295 1234 2364; baseline -0.005 -18"><span class='ocrx_word' id='word_1_191' title='bbox 197 2313 253 2364; x_wconf 89' lang='lat' dir='ltr'><strong>pag.</strong></span> <span class='ocrx_word' id='word_1_192' title='bbox 262 2299 318 2346; x_wconf 82' lang='grc'><strong>635.</strong></span> <span class='ocrx_word' id='word_1_193' title='bbox 335 2296 380 2345; x_wconf 88' lang='lat' dir='ltr'><strong>Ille</strong></span> <span class='ocrx_word' id='word_1_194' title='bbox 391 2297 421 2345; x_wconf 89' lang='lat' dir='ltr'><strong>ad</strong></span> <span class='ocrx_word' id='word_1_195' title='bbox 433 2297 540 2346; x_wconf 84' lang='lat' dir='ltr'><strong>Ovidium</strong></span> <span class='ocrx_word' id='word_1_196' title='bbox 550 2296 625 2346; x_wconf 90' lang='lat' dir='ltr'><strong>edidit</strong></span> <span class='ocrx_word' id='word_1_197' title='bbox 632 2297 697 2346; x_wconf 74' lang='lat' dir='ltr'><strong>(llos-</strong></span> <span class='ocrx_word' id='word_1_198' title='bbox 729 2313 782 2346; x_wconf 85' lang='lat' dir='ltr'><strong>rum</strong></span> <span class='ocrx_word' id='word_1_199' title='bbox 799 2306 848 2359; x_wconf 85' lang='lat' dir='ltr'><strong>est,</strong></span> <span class='ocrx_word' id='word_1_200' title='bbox 859 2314 936 2363; x_wconf 87' lang='lat' dir='ltr'><strong>neque</strong></span> <span class='ocrx_word' id='word_1_201' title='bbox 950 2298 1061 2345; x_wconf 80' lang='lat' dir='ltr'><strong>Horatius</strong></span> <span class='ocrx_word' id='word_1_202' title='bbox 1073 2295 1165 2345; x_wconf 83' lang='lat' dir='ltr'><strong>hortari</strong></span> <span class='ocrx_word' id='word_1_203' title='bbox 1180 2303 1234 2359; x_wconf 91' lang='lat' dir='ltr'><strong>pot·</strong></span> 
     </span>
     <span class='ocr_line' id='line_1_21' title="bbox 198 2381 1233 2432; baseline -0.006 0"><span class='ocrx_word' id='word_1_204' title='bbox 198 2399 248 2432; x_wconf 75' lang='lat' dir='ltr'><strong>sam</strong></span> <span class='ocrx_word' id='word_1_205' title='bbox 273 2401 302 2431; x_wconf 79' lang='lat' dir='ltr'><strong>ex</strong></span> <span class='ocrx_word' id='word_1_206' title='bbox 326 2383 372 2431; x_wconf 80' lang='lat' dir='ltr'><strong>MS.</strong></span> <span class='ocrx_word' id='word_1_207' title='bbox 398 2382 522 2431; x_wconf 84' lang='lat' dir='ltr'><strong>Leidensi:</strong></span> <span class='ocrx_word' id='word_1_208' title='bbox 552 2383 701 2430; x_wconf 69' lang='lat' dir='ltr'><strong>»Deduetcu</strong></span> <span class='ocrx_word' id='word_1_209' title='bbox 734 2391 793 2430; x_wconf 88' lang='lat' dir='ltr'><strong>erat.</strong></span> <span class='ocrx_word' id='word_1_210' title='bbox 817 2382 915 2429; x_wconf 87' lang='lat' dir='ltr'><strong>Omnino</strong></span> <span class='ocrx_word' id='word_1_211' title='bbox 931 2383 1020 2430; x_wconf 88' lang='lat' dir='ltr'><strong>rectius</strong></span> <span class='ocrx_word' id='word_1_212' title='bbox 1036 2391 1061 2429; x_wconf 87' lang='lat' dir='ltr'><strong>et</strong></span> <span class='ocrx_word' id='word_1_213' title='bbox 1077 2381 1233 2428; x_wconf 79' lang='lat' dir='ltr'><strong>honorificen-</strong></span> 
     </span>
     <span class='ocr_line' id='line_1_22' title="bbox 198 2464 1234 2531; baseline -0.004 -16"><span class='ocrx_word' id='word_1_214' title='bbox 198 2478 302 2516; x_wconf 86' lang='lat' dir='ltr'><strong>tractum</strong></span> <span class='ocrx_word' id='word_1_215' title='bbox 324 2476 360 2515; x_wconf 84' lang='lat' dir='ltr'><strong>est</strong></span> <span class='ocrx_word' id='word_1_216' title='bbox 381 2483 395 2514; x_wconf 87' lang='lat' dir='ltr'><strong>a</strong></span> <span class='ocrx_word' id='word_1_217' title='bbox 416 2467 470 2529; x_wconf 85' lang='lat' dir='ltr'><strong>filo,</strong></span> <span class='ocrx_word' id='word_1_218' title='bbox 494 2465 558 2531; x_wconf 92' lang='lat' dir='ltr'><strong>quod</strong></span> <span class='ocrx_word' id='word_1_219' title='bbox 578 2464 700 2514; x_wconf 80' lang='lat' dir='ltr'><strong>subtiliter</strong></span> <span class='ocrx_word' id='word_1_220' title='bbox 732 2468 781 2514; x_wconf 86' lang='lat' dir='ltr'><strong>tius</strong></span> <span class='ocrx_word' id='word_1_221' title='bbox 796 2475 861 2528; x_wconf 84' lang='lat' dir='ltr'><strong>erat,</strong></span> <span class='ocrx_word' id='word_1_222' title='bbox 878 2482 962 2513; x_wconf 87' lang='lat' dir='ltr'><strong>novam</strong></span> <span class='ocrx_word' id='word_1_223' title='bbox 977 2467 1092 2527; x_wconf 85' lang='lat' dir='ltr'><strong>formare,</strong></span> <span class='ocrx_word' id='word_1_224' title='bbox 1110 2480 1180 2529; x_wconf 89' lang='lat' dir='ltr'><strong>quam</strong></span> <span class='ocrx_word' id='word_1_225' title='bbox 1193 2480 1234 2511; x_wconf 83' lang='lat' dir='ltr'><strong>ve·</strong></span> 
     </span>
     <span class='ocr_line' id='line_1_23' title="bbox 199 2549 1232 2615; baseline -0.005 -14"><span class='ocrx_word' id='word_1_226' title='bbox 199 2552 332 2602; x_wconf 85' lang='lat' dir='ltr'><strong>deducatur</strong></span> <span class='ocrx_word' id='word_1_227' title='bbox 347 2568 362 2599; x_wconf 92' lang='lat' dir='ltr'><strong>a</strong></span> <span class='ocrx_word' id='word_1_228' title='bbox 378 2550 458 2613; x_wconf 84' lang='lat' dir='ltr'><strong>eaelo,</strong></span> <span class='ocrx_word' id='word_1_229' title='bbox 476 2561 501 2599; x_wconf 87' lang='lat' dir='ltr'><strong>et</strong></span> <span class='ocrx_word' id='word_1_230' title='bbox 516 2552 551 2599; x_wconf 91' lang='lat' dir='ltr'><strong>ita</strong></span> <span class='ocrx_word' id='word_1_231' title='bbox 567 2551 699 2599; x_wconf 76' lang='lat' dir='ltr'><strong>carolinae</strong></span> <span class='ocrx_word' id='word_1_232' title='bbox 731 2560 807 2598; x_wconf 88' lang='lat' dir='ltr'><strong>terem</strong></span> <span class='ocrx_word' id='word_1_233' title='bbox 823 2551 898 2615; x_wconf 88' lang='lat' dir='ltr'><strong>sequi.</strong></span> <span class='ocrx_word' id='word_1_234' title='bbox 920 2551 994 2598; x_wconf 79' lang='lat' dir='ltr'><strong>Maior</strong></span> <span class='ocrx_word' id='word_1_235' title='bbox 1010 2549 1062 2598; x_wconf 87' lang='lat' dir='ltr'><strong>lans</strong></span> <span class='ocrx_word' id='word_1_236' title='bbox 1081 2551 1107 2598; x_wconf 90' lang='lat' dir='ltr'><strong>in</strong></span> <span class='ocrx_word' id='word_1_237' title='bbox 1125 2551 1232 2597; x_wconf 84' lang='lat' dir='ltr'><strong>invento·</strong></span> 
     </span>
     <span class='ocr_line' id='line_1_24' title="bbox 200 2634 1233 2703; baseline -0.004 -16"><span class='ocrx_word' id='word_1_238' title='bbox 200 2646 280 2687; x_wconf 88' lang='lat' dir='ltr'><strong>mente</strong></span> <span class='ocrx_word' id='word_1_239' title='bbox 302 2638 478 2703; x_wconf 84' lang='lat' dir='ltr'><strong>compositoris:</strong></span> <span class='ocrx_word' id='word_1_240' title='bbox 504 2634 567 2684; x_wconf 86' lang='lat' dir='ltr'><strong>unde</strong></span> <span class='ocrx_word' id='word_1_241' title='bbox 591 2634 651 2685; x_wconf 83' lang='lat' dir='ltr'><strong>alibi</strong></span> <span class='ocrx_word' id='word_1_242' title='bbox 674 2637 700 2685; x_wconf 92' lang='lat' dir='ltr'><strong>iu</strong></span> <span class='ocrx_word' id='word_1_243' title='bbox 732 2652 775 2699; x_wconf 84' lang='lat' dir='ltr'><strong>re,</strong></span> <span class='ocrx_word' id='word_1_244' title='bbox 798 2651 869 2701; x_wconf 86' lang='lat' dir='ltr'><strong>qnam</strong></span> <span class='ocrx_word' id='word_1_245' title='bbox 891 2637 1019 2685; x_wconf 85' lang='lat' dir='ltr'><strong>imitatore.</strong></span> <span class='ocrx_word' id='word_1_246' title='bbox 1042 2636 1090 2683; x_wconf 86' lang='lat' dir='ltr'><strong>Nee</strong></span> <span class='ocrx_word' id='word_1_247' title='bbox 1109 2637 1233 2701; x_wconf 84' lang='lat' dir='ltr'><strong>qnisquam</strong></span> 
     </span>
     <span class='ocr_line' id='line_1_25' title="bbox 199 2719 1233 2787; baseline -0.004 -15"><span class='ocrx_word' id='word_1_248' title='bbox 199 2723 289 2772; x_wconf 84' lang='lat' dir='ltr'><strong>Ponto:</strong></span> <span class='ocrx_word' id='word_1_249' title='bbox 319 2722 410 2787; x_wconf 80' lang='lat' dir='ltr'><strong>Accipe</strong></span> <span class='ocrx_word' id='word_1_250' title='bbox 434 2723 549 2786; x_wconf 79' lang='lat' dir='ltr'><strong>Pmupeiu&#39;</strong></span> <span class='ocrx_word' id='word_1_251' title='bbox 571 2721 699 2770; x_wconf 82' lang='lat' dir='ltr'><strong>deductum</strong></span> <span class='ocrx_word' id='word_1_252' title='bbox 731 2719 819 2769; x_wconf 84' lang='lat' dir='ltr'><strong>dixerit</strong></span> <span class='ocrx_word' id='word_1_253' title='bbox 840 2719 871 2769; x_wconf 89' lang='lat' dir='ltr'><strong>de</strong></span> <span class='ocrx_word' id='word_1_254' title='bbox 889 2738 915 2769; x_wconf 89' lang='lat' dir='ltr'><strong>re</strong></span> <span class='ocrx_word' id='word_1_255' title='bbox 930 2720 1035 2770; x_wconf 89' lang='lat' dir='ltr'><strong>nondum</strong></span> <span class='ocrx_word' id='word_1_256' title='bbox 1051 2731 1158 2784; x_wconf 82' lang='lat' dir='ltr'><strong>tentata,</strong></span> <span class='ocrx_word' id='word_1_257' title='bbox 1181 2737 1233 2768; x_wconf 85' lang='lat' dir='ltr'><strong>eam</strong></span> 
     </span>
     <span class='ocr_line' id='line_1_26' title="bbox 200 2805 1233 2872; baseline -0.004 -16"><span class='ocrx_word' id='word_1_258' title='bbox 200 2809 414 2857; x_wconf 78' lang='lat' dir='ltr'><strong>eumanadillu:</strong></span> <span class='ocrx_word' id='word_1_259' title='bbox 428 2807 699 2856; x_wconf 82' lang='lat' dir='ltr'><strong>etalihiinlionorato:</strong></span> <span class='ocrx_word' id='word_1_260' title='bbox 734 2807 786 2854; x_wconf 82' lang='lat' dir='ltr'><strong>iore</strong></span> <span class='ocrx_word' id='word_1_261' title='bbox 804 2806 843 2854; x_wconf 80' lang='lat' dir='ltr'><strong>vel</strong></span> <span class='ocrx_word' id='word_1_262' title='bbox 860 2809 963 2872; x_wconf 88' lang='lat' dir='ltr'><strong>peiorem</strong></span> <span class='ocrx_word' id='word_1_263' title='bbox 977 2807 1015 2855; x_wconf 81' lang='lat' dir='ltr'><strong>vel</strong></span> <span class='ocrx_word' id='word_1_264' title='bbox 1031 2807 1161 2856; x_wconf 90' lang='lat' dir='ltr'><strong>meliorem.</strong></span> <span class='ocrx_word' id='word_1_265' title='bbox 1186 2805 1233 2872; x_wconf 75' lang='lat' dir='ltr'><strong>ip-</strong></span> 
     </span>
     <span class='ocr_line' id='line_1_27' title="bbox 199 2890 1233 2959; baseline -0.005 -15"><span class='ocrx_word' id='word_1_266' title='bbox 199 2896 297 2944; x_wconf 82' lang='lat' dir='ltr'><strong>Sudtili</strong></span> <span class='ocrx_word' id='word_1_267' title='bbox 316 2895 420 2944; x_wconf 77' lang='lat' dir='ltr'><strong>deducta</strong></span> <span class='ocrx_word' id='word_1_268' title='bbox 433 2901 548 2959; x_wconf 78' lang='lat' dir='ltr'><strong>poemata</strong></span> <span class='ocrx_word' id='word_1_269' title='bbox 557 2894 634 2954; x_wconf 81' lang='lat' dir='ltr'><strong>filo.¹&#39;</strong></span> <span class='ocrx_word' id='word_1_270' title='bbox 655 2892 699 2941; x_wconf 91' lang='lat' dir='ltr'><strong>Ubi</strong></span> <span class='ocrx_word' id='word_1_271' title='bbox 731 2890 826 2957; x_wconf 87' lang='lat' dir='ltr'><strong>parabit</strong></span> <span class='ocrx_word' id='word_1_272' title='bbox 840 2891 934 2942; x_wconf 85' lang='lat' dir='ltr'><strong>demum</strong></span> <span class='ocrx_word' id='word_1_273' title='bbox 950 2895 976 2942; x_wconf 91' lang='lat' dir='ltr'><strong>in</strong></span> <span class='ocrx_word' id='word_1_274' title='bbox 989 2910 1015 2942; x_wconf 89' lang='lat' dir='ltr'><strong>re</strong></span> <span class='ocrx_word' id='word_1_275' title='bbox 1029 2892 1145 2942; x_wconf 86' lang='lat' dir='ltr'><strong>absoluta.</strong></span> <span class='ocrx_word' id='word_1_276' title='bbox 1164 2893 1233 2940; x_wconf 86' lang='lat' dir='ltr'><strong>Ratio</strong></span> 
     </span>
     <span class='ocr_line' id='line_1_28' title="bbox 199 2978 1234 3048; baseline -0.006 -18"><span class='ocrx_word' id='word_1_277' title='bbox 199 2996 244 3048; x_wconf 87' lang='lat' dir='ltr'><strong>pro</strong></span> <span class='ocrx_word' id='word_1_278' title='bbox 254 2983 320 3030; x_wconf 84' lang='lat' dir='ltr'><strong>caelo</strong></span> <span class='ocrx_word' id='word_1_279' title='bbox 329 2979 462 3047; x_wconf 79' lang='lat' dir='ltr'><strong>legendum</strong></span> <span class='ocrx_word' id='word_1_280' title='bbox 477 2989 512 3028; x_wconf 88' lang='lat' dir='ltr'><strong>est</strong></span> <span class='ocrx_word' id='word_1_281' title='bbox 524 2980 642 3043; x_wconf 86' lang='lat' dir='ltr'><strong>eolo‚pro</strong></span> <span class='ocrx_word' id='word_1_282' title='bbox 651 2979 700 3025; x_wconf 79' lang='lat' dir='ltr'><strong>Ho-</strong></span> <span class='ocrx_word' id='word_1_283' title='bbox 732 2980 835 3044; x_wconf 89' lang='lat' dir='ltr'><strong>oppositi</strong></span> <span class='ocrx_word' id='word_1_284' title='bbox 861 2978 906 3027; x_wconf 89' lang='lat' dir='ltr'><strong>hoe</strong></span> <span class='ocrx_word' id='word_1_285' title='bbox 934 2979 1055 3044; x_wconf 83' lang='lat' dir='ltr'><strong>postulat:</strong></span> <span class='ocrx_word' id='word_1_286' title='bbox 1085 2979 1170 3027; x_wconf 81' lang='lat' dir='ltr'><strong>Tutius</strong></span> <span class='ocrx_word' id='word_1_287' title='bbox 1198 2985 1234 3024; x_wconf 82' lang='lat' dir='ltr'><strong>est</strong></span> 
     </span>
     <span class='ocr_line' id='line_1_29' title="bbox 199 3064 1233 3130; baseline -0.003 -16"><span class='ocrx_word' id='word_1_288' title='bbox 199 3064 696 3130; x_wconf 79' lang='lat' dir='ltr'><strong>ueruto—Horatio,proSultili-touua&#39;.</strong></span> <span class='ocrx_word' id='word_1_289' title='bbox 730 3065 820 3113; x_wconf 87' lang='lat' dir='ltr'><strong>imitari</strong></span> <span class='ocrx_word' id='word_1_290' title='bbox 840 3065 965 3129; x_wconf 86' lang='lat' dir='ltr'><strong>antiquum</strong></span> <span class='ocrx_word' id='word_1_291' title='bbox 991 3064 1140 3130; x_wconf 85' lang='lat' dir='ltr'><strong>exemplum,</strong></span> <span class='ocrx_word' id='word_1_292' title='bbox 1162 3079 1233 3128; x_wconf 85' lang='lat' dir='ltr'><strong>qnam</strong></span> 
     </span>
     <span class='ocr_line' id='line_1_30' title="bbox 199 3147 1233 3216; baseline -0.006 -16"><span class='ocrx_word' id='word_1_293' title='bbox 199 3152 259 3200; x_wconf 80' lang='lat' dir='ltr'><strong>Nam</strong></span> <span class='ocrx_word' id='word_1_294' title='bbox 275 3161 311 3200; x_wconf 81' lang='lat' dir='ltr'><strong>eat</strong></span> <span class='ocrx_word' id='word_1_295' title='bbox 326 3167 407 3200; x_wconf 81' lang='lat' dir='ltr'><strong>versus</strong></span> <span class='ocrx_word' id='word_1_296' title='bbox 422 3151 514 3199; x_wconf 86' lang='lat' dir='ltr'><strong>Horatii</strong></span> <span class='ocrx_word' id='word_1_297' title='bbox 531 3151 605 3216; x_wconf 87' lang='lat' dir='ltr'><strong>Epist.</strong></span> <span class='ocrx_word' id='word_1_298' title='bbox 621 3149 658 3211; x_wconf 90' lang='lat' dir='ltr'><strong>ll,</strong></span> <span class='ocrx_word' id='word_1_299' title='bbox 674 3161 698 3212; x_wconf 82' lang='lat'><strong>1,</strong></span> <span class='ocrx_word' id='word_1_300' title='bbox 730 3152 812 3215; x_wconf 87' lang='lat' dir='ltr'><strong>ignota</strong></span> <span class='ocrx_word' id='word_1_301' title='bbox 820 3149 935 3214; x_wconf 79' lang='lat' dir='ltr'><strong>proferre:</strong></span> <span class='ocrx_word' id='word_1_302' title='bbox 943 3149 992 3213; x_wconf 83' lang='lat' dir='ltr'><strong>vel,</strong></span> <span class='ocrx_word' id='word_1_303' title='bbox 1002 3167 1095 3198; x_wconf 81' lang='lat' dir='ltr'><strong>carmen</strong></span> <span class='ocrx_word' id='word_1_304' title='bbox 1105 3147 1233 3197; x_wconf 85' lang='lat' dir='ltr'><strong>deductum</strong></span> 
     </span>
     <span class='ocr_line' id='line_1_31' title="bbox 202 3233 1233 3301; baseline -0.007 -15"><span class='ocrx_word' id='word_1_305' title='bbox 202 3238 260 3287; x_wconf 62' lang='lat' dir='ltr'><strong>aad.</strong></span> <span class='ocrx_word' id='word_1_306' title='bbox 280 3244 306 3285; x_wconf 82' lang='lat' dir='ltr'><strong>et</strong></span> <span class='ocrx_word' id='word_1_307' title='bbox 322 3239 393 3285; x_wconf 81' lang='lat' dir='ltr'><strong>tenui</strong></span> <span class='ocrx_word' id='word_1_308' title='bbox 408 3238 511 3285; x_wconf 78' lang='lat' dir='ltr'><strong>deducto</strong></span> <span class='ocrx_word' id='word_1_309' title='bbox 520 3242 636 3301; x_wconf 82' lang='lat' dir='ltr'><strong>poemate</strong></span> <span class='ocrx_word' id='word_1_310' title='bbox 643 3236 699 3296; x_wconf 81' lang='lat' dir='ltr'><strong>filo.</strong></span> <span class='ocrx_word' id='word_1_311' title='bbox 735 3251 765 3283; x_wconf 85' lang='lat' dir='ltr'><strong>ex</strong></span> <span class='ocrx_word' id='word_1_312' title='bbox 785 3233 860 3283; x_wconf 89' lang='lat' dir='ltr'><strong>Iliade</strong></span> <span class='ocrx_word' id='word_1_313' title='bbox 876 3251 968 3301; x_wconf 89' lang='lat' dir='ltr'><strong>semper</strong></span> <span class='ocrx_word' id='word_1_314' title='bbox 985 3237 1032 3284; x_wconf 89' lang='lat' dir='ltr'><strong>erit</strong></span> <span class='ocrx_word' id='word_1_315' title='bbox 1047 3233 1144 3296; x_wconf 85' lang='lat' dir='ltr'><strong>melius,</strong></span> <span class='ocrx_word' id='word_1_316' title='bbox 1162 3247 1233 3297; x_wconf 87' lang='lat' dir='ltr'><strong>quam</strong></span> 
     </span>
     <span class='ocr_line' id='line_1_32' title="bbox 201 3314 1234 3388; baseline -0.008 -16"><span class='ocrx_word' id='word_1_317' title='bbox 201 3323 279 3388; x_wconf 73' lang='lat' dir='ltr'><strong>itque</strong></span> <span class='ocrx_word' id='word_1_318' title='bbox 295 3321 325 3370; x_wconf 90' lang='lat' dir='ltr'><strong>ad</strong></span> <span class='ocrx_word' id='word_1_319' title='bbox 346 3322 408 3371; x_wconf 83' lang='lat' dir='ltr'><strong>hanc</strong></span> <span class='ocrx_word' id='word_1_320' title='bbox 427 3323 603 3370; x_wconf 85' lang='lat' dir='ltr'><strong>annotationem</strong></span> <span class='ocrx_word' id='word_1_321' title='bbox 625 3337 701 3369; x_wconf 88' lang='lat' dir='ltr'><strong>meam</strong></span> <span class='ocrx_word' id='word_1_322' title='bbox 733 3337 748 3368; x_wconf 91' lang='lat' dir='ltr'><strong>a</strong></span> <span class='ocrx_word' id='word_1_323' title='bbox 765 3329 789 3367; x_wconf 88' lang='lat' dir='ltr'><strong>te</strong></span> <span class='ocrx_word' id='word_1_324' title='bbox 813 3321 865 3384; x_wconf 83' lang='lat' dir='ltr'><strong>ipso</strong></span> <span class='ocrx_word' id='word_1_325' title='bbox 885 3320 947 3369; x_wconf 91' lang='lat' dir='ltr'><strong>male</strong></span> <span class='ocrx_word' id='word_1_326' title='bbox 965 3323 1088 3369; x_wconf 87' lang='lat' dir='ltr'><strong>inventum</strong></span> <span class='ocrx_word' id='word_1_327' title='bbox 1105 3328 1131 3366; x_wconf 90' lang='lat' dir='ltr'><strong>et</strong></span> <span class='ocrx_word' id='word_1_328' title='bbox 1154 3314 1234 3365; x_wconf 86' lang='lat' dir='ltr'><strong>elabo-</strong></span> 
     </span>
     <span class='ocr_line' id='line_1_33' title="bbox 160 3404 1234 3475; baseline -0.006 -19"><span class='ocrx_word' id='word_1_329' title='bbox 160 3411 164 3421; x_wconf 82' lang='lat'>&#39;</span> <span class='ocrx_word' id='word_1_330' title='bbox 201 3409 309 3475; x_wconf 87' lang='lat' dir='ltr'><strong>pertinet</strong></span> <span class='ocrx_word' id='word_1_331' title='bbox 317 3407 382 3456; x_wconf 82' lang='lat' dir='ltr'><strong>locus</strong></span> <span class='ocrx_word' id='word_1_332' title='bbox 390 3406 466 3456; x_wconf 82' lang='lat' dir='ltr'><strong>ovidii</strong></span> <span class='ocrx_word' id='word_1_333' title='bbox 473 3406 700 3470; x_wconf 79' lang='lat' dir='ltr'><strong>imor.ll‚xv111,l.</strong></span> <span class='ocrx_word' id='word_1_334' title='bbox 733 3415 820 3454; x_wconf 86' lang='lat' dir='ltr'><strong>ratum.</strong></span> <span class='ocrx_word' id='word_1_335' title='bbox 842 3406 918 3469; x_wconf 83' lang='lat' dir='ltr'><strong>Quare</strong></span> <span class='ocrx_word' id='word_1_336' title='bbox 935 3404 1084 3454; x_wconf 81' lang='lat' dir='ltr'><strong>scribendum</strong></span> <span class='ocrx_word' id='word_1_337' title='bbox 1100 3413 1172 3469; x_wconf 87' lang='lat' dir='ltr'><strong>puto:</strong></span> <span class='ocrx_word' id='word_1_338' title='bbox 1185 3406 1234 3451; x_wconf 88' lang='lat' dir='ltr'><strong>Tu·</strong></span> 
     </span>
     <span class='ocr_line' id='line_1_34' title="bbox 203 3490 1235 3556; baseline -0.006 -15"><span class='ocrx_word' id='word_1_339' title='bbox 203 3494 308 3542; x_wconf 75' lang='lat' dir='ltr'><strong>Caranon</strong></span> <span class='ocrx_word' id='word_1_340' title='bbox 323 3493 357 3541; x_wconf 85' lang='lat' dir='ltr'><strong>od</strong></span> <span class='ocrx_word' id='word_1_341' title='bbox 369 3494 466 3540; x_wconf 79' lang='lat' dir='ltr'><strong>iratum</strong></span> <span class='ocrx_word' id='word_1_342' title='bbox 478 3493 536 3541; x_wconf 84' lang='lat' dir='ltr'><strong>dum</strong></span> <span class='ocrx_word' id='word_1_343' title='bbox 549 3492 704 3556; x_wconf 83' lang='lat' dir='ltr'><strong>tuperduea&#39;e</strong></span> <span class='ocrx_word' id='word_1_344' title='bbox 736 3491 790 3538; x_wconf 81' lang='lat' dir='ltr'><strong>tius</strong></span> <span class='ocrx_word' id='word_1_345' title='bbox 821 3491 928 3540; x_wconf 72' lang='lat' dir='ltr'><strong>Iliacum</strong></span> <span class='ocrx_word' id='word_1_346' title='bbox 955 3507 1053 3549; x_wconf 70' lang='lat' dir='ltr'><strong>eumen</strong></span> <span class='ocrx_word' id='word_1_347' title='bbox 1081 3490 1182 3538; x_wconf 80' lang='lat' dir='ltr'><strong>deducis</strong></span> <span class='ocrx_word' id='word_1_348' title='bbox 1204 3490 1235 3536; x_wconf 82' lang='lat' dir='ltr'><strong>iu</strong></span> 
     </span>
     <span class='ocr_line' id='line_1_35' title="bbox 140 3576 1235 3642; baseline -0.006 -13"><span class='ocrx_word' id='word_1_349' title='bbox 140 3627 142 3636; x_wconf 90' lang='grc'>,</span> <span class='ocrx_word' id='word_1_350' title='bbox 199 3580 339 3641; x_wconf 74' lang='lat' dir='ltr'><strong>Achilleae,</strong></span> <span class='ocrx_word' id='word_1_351' title='bbox 355 3579 489 3642; x_wconf 82' lang='lat' dir='ltr'><strong>Primaque</strong></span> <span class='ocrx_word' id='word_1_352' title='bbox 503 3578 601 3626; x_wconf 82' lang='lat' dir='ltr'><strong>iuratie</strong></span> <span class='ocrx_word' id='word_1_353' title='bbox 615 3577 703 3625; x_wconf 77' lang='lat' dir='ltr'><strong>induis</strong></span> <span class='ocrx_word' id='word_1_354' title='bbox 734 3576 1235 3625; x_wconf 68' lang='lat' dir='ltr'><strong>oceuv0121uuiuslzioeumearnuu</strong></span> 
     </span>
     <span class='ocr_line' id='line_1_36' title="bbox 201 3661 1235 3729; baseline -0.005 -15"><span class='ocrx_word' id='word_1_355' title='bbox 201 3680 273 3714; x_wconf 78' lang='lat' dir='ltr'><strong>amaa</strong></span> <span class='ocrx_word' id='word_1_356' title='bbox 293 3663 367 3713; x_wconf 77' lang='lat' dir='ltr'><strong>viria.</strong></span> <span class='ocrx_word' id='word_1_357' title='bbox 389 3662 484 3712; x_wconf 80' lang='lat' dir='ltr'><strong>Ovidius</strong></span> <span class='ocrx_word' id='word_1_358' title='bbox 504 3663 636 3729; x_wconf 86' lang='lat' dir='ltr'><strong>alloquitur</strong></span> <span class='ocrx_word' id='word_1_359' title='bbox 647 3662 702 3710; x_wconf 73' lang='lat' dir='ltr'><strong>‘Ma-</strong></span> <span class='ocrx_word' id='word_1_360' title='bbox 733 3661 874 3710; x_wconf 80' lang='lat' dir='ltr'><strong>dedueieiu</strong></span> <span class='ocrx_word' id='word_1_361' title='bbox 886 3661 1060 3724; x_wconf 78' lang='lat' dir='ltr'><strong>aetus,me</strong></span> <span class='ocrx_word' id='word_1_362' title='bbox 1068 3661 1235 3725; x_wconf 61' lang='lat' dir='ltr'><strong>sioprfferree</strong></span> 
     </span>
     <span class='ocr_line' id='line_1_37' title="bbox 201 3745 1234 3818; baseline -0.006 -18"><span class='ocrx_word' id='word_1_363' title='bbox 201 3768 268 3800; x_wconf 84' lang='lat' dir='ltr'><strong>erum</strong></span> <span class='ocrx_word' id='word_1_364' title='bbox 288 3760 397 3818; x_wconf 86' lang='lat' dir='ltr'><strong>poetam,</strong></span> <span class='ocrx_word' id='word_1_365' title='bbox 422 3751 465 3816; x_wconf 90' lang='lat' dir='ltr'><strong>qui</strong></span> <span class='ocrx_word' id='word_1_366' title='bbox 485 3749 514 3798; x_wconf 89' lang='lat' dir='ltr'><strong>de</strong></span> <span class='ocrx_word' id='word_1_367' title='bbox 533 3748 605 3797; x_wconf 84' lang='lat' dir='ltr'><strong>rebus</strong></span> <span class='ocrx_word' id='word_1_368' title='bbox 623 3746 702 3795; x_wconf 90' lang='lat' dir='ltr'><strong>Troia·</strong></span> <span class='ocrx_word' id='word_1_369' title='bbox 733 3748 821 3812; x_wconf 66' lang='lat' dir='ltr'><strong>ignota</strong></span> <span class='ocrx_word' id='word_1_370' title='bbox 836 3747 979 3811; x_wconf 78' lang='lat' dir='ltr'><strong>indictaque</strong></span> <span class='ocrx_word' id='word_1_371' title='bbox 989 3748 1098 3811; x_wconf 67' lang='lat' dir='ltr'><strong>primus.</strong></span> <span class='ocrx_word' id='word_1_372' title='bbox 1117 3745 1182 3795; x_wconf 89' lang='lat' dir='ltr'><strong>Illud</strong></span> <span class='ocrx_word' id='word_1_373' title='bbox 1196 3748 1234 3795; x_wconf 82' lang='lat' dir='ltr'><strong>aio</strong></span> 
     </span>
     <span class='ocr_line' id='line_1_38' title="bbox 202 3831 1234 3902; baseline -0.006 -16"><span class='ocrx_word' id='word_1_374' title='bbox 202 3839 254 3900; x_wconf 85' lang='lat' dir='ltr'><strong>nis,</strong></span> <span class='ocrx_word' id='word_1_375' title='bbox 273 3837 346 3885; x_wconf 88' lang='lat' dir='ltr'><strong>etiam</strong></span> <span class='ocrx_word' id='word_1_376' title='bbox 361 3835 425 3899; x_wconf 86' lang='lat' dir='ltr'><strong>illis,</strong></span> <span class='ocrx_word' id='word_1_377' title='bbox 445 3851 505 3902; x_wconf 84' lang='lat' dir='ltr'><strong>quae</strong></span> <span class='ocrx_word' id='word_1_378' title='bbox 517 3833 703 3883; x_wconf 84' lang='lat' dir='ltr'><strong>Posthomericae</strong></span> <span class='ocrx_word' id='word_1_379' title='bbox 735 3832 857 3898; x_wconf 82' lang='lat' dir='ltr'><strong>eleganter</strong></span> <span class='ocrx_word' id='word_1_380' title='bbox 866 3833 964 3898; x_wconf 87' lang='lat' dir='ltr'><strong>ponitur</strong></span> <span class='ocrx_word' id='word_1_381' title='bbox 976 3831 1005 3881; x_wconf 90' lang='lat' dir='ltr'><strong>de</strong></span> <span class='ocrx_word' id='word_1_382' title='bbox 1019 3832 1104 3896; x_wconf 85' lang='lat' dir='ltr'><strong>rebus,</strong></span> <span class='ocrx_word' id='word_1_383' title='bbox 1115 3849 1176 3899; x_wconf 89' lang='lat' dir='ltr'><strong>quae</strong></span> <span class='ocrx_word' id='word_1_384' title='bbox 1186 3849 1234 3882; x_wconf 91' lang='lat' dir='ltr'><strong>non</strong></span> 
     </span>
     <span class='ocr_line' id='line_1_39' title="bbox 201 3917 1234 3987; baseline -0.005 -17"><span class='ocrx_word' id='word_1_385' title='bbox 201 3931 330 3984; x_wconf 83' lang='lat' dir='ltr'><strong>vocantur,</strong></span> <span class='ocrx_word' id='word_1_386' title='bbox 351 3923 459 3987; x_wconf 85' lang='lat' dir='ltr'><strong>scripsit,</strong></span> <span class='ocrx_word' id='word_1_387' title='bbox 477 3929 502 3968; x_wconf 92' lang='lat' dir='ltr'><strong>et</strong></span> <span class='ocrx_word' id='word_1_388' title='bbox 519 3918 550 3967; x_wconf 86' lang='lat' dir='ltr'><strong>ab</strong></span> <span class='ocrx_word' id='word_1_389' title='bbox 565 3917 647 3967; x_wconf 77' lang='lat' dir='ltr'><strong>ovidio</strong></span> <span class='ocrx_word' id='word_1_390' title='bbox 662 3933 702 3965; x_wconf 83' lang='lat' dir='ltr'><strong>vo·</strong></span> <span class='ocrx_word' id='word_1_391' title='bbox 734 3918 791 3966; x_wconf 86' lang='lat' dir='ltr'><strong>satis</strong></span> <span class='ocrx_word' id='word_1_392' title='bbox 807 3918 912 3966; x_wconf 78' lang='lat' dir='ltr'><strong>feliciter</strong></span> <span class='ocrx_word' id='word_1_393' title='bbox 932 3917 1069 3967; x_wconf 80' lang='lat' dir='ltr'><strong>succedunt.</strong></span> <span class='ocrx_word' id='word_1_394' title='bbox 1094 3919 1188 3967; x_wconf 83' lang='lat' dir='ltr'><strong>Terent.</strong></span> <span class='ocrx_word' id='word_1_395' title='bbox 1208 3919 1234 3965; x_wconf 90' lang='lat' dir='ltr'><strong>in</strong></span> 
     </span>
     <span class='ocr_line' id='line_1_40' title="bbox 202 3999 1234 4069; baseline -0.008 -13"><span class='ocrx_word' id='word_1_396' title='bbox 202 4017 270 4056; x_wconf 86' lang='lat' dir='ltr'><strong>eatur</strong></span> <span class='ocrx_word' id='word_1_397' title='bbox 285 4008 388 4056; x_wconf 71' lang='lat' dir='ltr'><strong>uiuus.</strong></span> <span class='ocrx_word' id='word_1_398' title='bbox 404 4006 449 4054; x_wconf 84' lang='lat' dir='ltr'><strong>Hie</strong></span> <span class='ocrx_word' id='word_1_399' title='bbox 463 4021 533 4054; x_wconf 86' lang='lat' dir='ltr'><strong>suum</strong></span> <span class='ocrx_word' id='word_1_400' title='bbox 548 4020 641 4053; x_wconf 83' lang='lat' dir='ltr'><strong>carmen</strong></span> <span class='ocrx_word' id='word_1_401' title='bbox 656 4019 704 4051; x_wconf 93' lang='lat' dir='ltr'><strong>non</strong></span> <span class='ocrx_word' id='word_1_402' title='bbox 736 4002 828 4051; x_wconf 85' lang='lat' dir='ltr'><strong>Phorm.</strong></span> <span class='ocrx_word' id='word_1_403' title='bbox 845 4004 870 4066; x_wconf 88' lang='lat'><strong>1,</strong></span> <span class='ocrx_word' id='word_1_404' title='bbox 889 4015 920 4066; x_wconf 88' lang='lat'><strong>11,</strong></span> <span class='ocrx_word' id='word_1_405' title='bbox 941 4005 980 4052; x_wconf 74' lang='grc'><strong>06.</strong></span> <span class='ocrx_word' id='word_1_406' title='bbox 1004 4005 1073 4063; x_wconf 79' lang='lat' dir='ltr'><strong>Quid</strong></span> <span class='ocrx_word' id='word_1_407' title='bbox 1089 4007 1129 4052; x_wconf 81' lang='lat' dir='ltr'><strong>rei</strong></span> <span class='ocrx_word' id='word_1_408' title='bbox 1139 3999 1234 4069; x_wconf 80' lang='lat' dir='ltr'><strong>gerit?</strong></span> 
     </span>
     <span class='ocr_line' id='line_1_41' title="bbox 201 4085 1233 4155; baseline -0.01 -11"><span class='ocrx_word' id='word_1_409' title='bbox 201 4093 233 4144; x_wconf 83' lang='lat' dir='ltr'><strong>ad</strong></span> <span class='ocrx_word' id='word_1_410' title='bbox 244 4089 362 4142; x_wconf 74' lang='lat' dir='ltr'><strong>Achillem</strong></span> <span class='ocrx_word' id='word_1_411' title='bbox 370 4092 506 4155; x_wconf 69' lang='lat' dir='ltr'><strong>perduxit,</strong></span> <span class='ocrx_word' id='word_1_412' title='bbox 519 4086 701 4138; x_wconf 77' lang='lat' dir='ltr'><strong>sedabielrille</strong></span> <span class='ocrx_word' id='word_1_413' title='bbox 733 4087 859 4154; x_wconf 81' lang='lat' dir='ltr'><strong>respondet</strong></span> <span class='ocrx_word' id='word_1_414' title='bbox 873 4087 944 4137; x_wconf 76' lang='lat' dir='ltr'><strong>Geta:</strong></span> <span class='ocrx_word' id='word_1_415' title='bbox 969 4091 1027 4152; x_wconf 74' lang='lat' dir='ltr'><strong>Sic,</strong></span> <span class='ocrx_word' id='word_1_416' title='bbox 1051 4091 1167 4138; x_wconf 75' lang='lat' dir='ltr'><strong>tenuiter.</strong></span> <span class='ocrx_word' id='word_1_417' title='bbox 1190 4085 1233 4135; x_wconf 86' lang='lat' dir='ltr'><strong>ubi</strong></span> 
     </span>
    </p>
   </div>
   <div class='ocr_carea' id='block_1_4' title="bbox 0 0 1387 4844">
    <p class='ocr_par' dir='ltr' id='par_1_5' title="bbox 0 0 1387 4844">
     <span class='ocr_line' id='line_1_42' title="bbox 0 0 1387 4844; baseline 0 0"><span class='ocrx_word' id='word_1_418' title='bbox 0 0 1387 4844; x_wconf 95' lang='lat' dir='ltr'><strong> </strong></span> 
     </span>
    </p>
   </div>
  </div>
 </body>
</html>
