2752 4844
211 426 251 492 tt
468 428 681 494 uenatu
711 427 957 492 bristout

239 627 360 700 Infelix
385 629 495 724 operis
509 644 670 719 summa,
695 629 775 722 qnia
798 650 924 722 ponere
947 631 1058 698 toturn

239 747 387 820 Nescietz
406 747 499 818 hunc
510 770 573 841 ego
589 771 663 838 me,
685 747 812 840 siquid
831 769 1032 840 componere
1053 770 1188 846 curem,

241 866 316 968 Non
341 867 446 961 magis
465 889 535 938 esse
555 866 676 961 velim,
699 890 802 960 quarn
825 888 907 937 naso
933 867 1043 938 vivere
1065 895 1190 965 prav03

208 1068 246 1118 tu
269 1067 380 1135 quidem:
412 1069 434 1119 si
449 1070 526 1130 fater
547 1085 612 1117 unos
635 1067 698 1118 idem
717 1069 807 1128 ,bitror
820 1072 841 1119 si
856 1086 899 1136 pro
909 1069 1045 1120 Aemilium
1059 1077 1224 1127 circularium

210 1166 271 1207 esset
296 1175 324 1206 ac
344 1158 421 1219 faber
444 1157 545 1219 aliquis.
585 1153 632 1202 Sed
657 1154 705 1203 ele·
737 1158 827 1204 FABER
859 1158 924 1206 lttts
948 1157 1065 1206 scribatur
1091 1163 1228 1214 Aemilium

211 1247 315 1310 gantiam
343 1246 407 1293 vocis
435 1259 483 1292 non
509 1252 629 1292 assecutus
658 1251 703 1291 est.
736 1245 804 1291 circo
817 1245 899 1292 ludam
914 1246 999 1293 stulu
1019 1247 1120 1298 uultu.
1144 1251 1227 1302 Gomn-

209 1329 368 1379 tutunus,
732 1328 859 1394 ptelaehic
874 1347 922 1379 esse
931 1334 1010 1396 potuit
1028 1349 1116 1383 cursus.
1131 1336 1226 1385 FABRI-

242 1415 302 1463 Ante
324 1413 458 1463 Reutleium
486 1412 600 1462 edebatur
627 1413 704 1463 imus..
735 1412 828 1460 ututs
849 1440 883 1450 -
905 1414 1056 1468 statutus:
1080 1436 1168 1470 monas
1183 1437 1227 1488 per

210 1501 286 1550 idnlta
305 1502 366 1551 MSS.
383 1500 473 1550 habent
487 1517 560 1549 unus.
582 1500 662 1564 Neque
679 1501 705 1547 in
737 1499 902 1564 compendium
926 1504 955 1551 fit
969 1520 1032 1554 mus.
1057 1507 1089 1556 Ex
1099 1508 1226 1568 fodrimus

211 1588 330 1652 scriptura
341 1603 451 1652 magnum
466 1594 500 1634 est
514 1585 646 1634 discrimen.
665 1584 704 1632 ti·
735 1595 818 1632 natum
834 1597 870 1634 est
882 1588 958 1648 sober
972 1592 1053 1655 imus,
1077 1592 1140 1641 unde
1156 1608 1226 1659 porro

211 1669 314 1720 dendnm
322 1671 389 1720 modo
401 1683 543 1736 est‚utrum
559 1673 705 1721 melinsseu-
729 1674 805 1735 saber
820 1690 891 1724 unas.
916 1677 992 1742 Atque
1009 1695 1074 1726 unus
1094 1682 1120 1728 iu
1133 1683 1229 1745 paucio·

212 1760 302 1808 tentiae
323 1761 454 1808 conveniat.
478 1762 548 1809 Imus
568 1778 614 1809 non
631 1761 702 1809 sacile
735 1761 816 1824 ribus,
831 1763 899 1810 imus
910 1764 936 1811 in
949 1765 1069 1832 plerisque
1084 1767 1146 1817 MSS.
1160 1785 1229 1835 repa·

212 1846 353 1912 explicatur.
374 1847 611 1910 Praeteropiniones,
624 1845 706 1892 aBen·
737 1847 808 1894 ritur.
832 1848 924 1894 Manus
939 1846 969 1895 de
985 1851 1049 1898 omni
1064 1852 1182 1902 artificum
1203 1861 1229 1902 at

211 1931 270 1980 ticio
278 1939 427 1993 memoratas,
437 1941 461 1978 et
470 1930 531 1978 aliae
540 1931 658 1978 seruntur.
673 1931 705 1979 Ea
736 1932 889 1980 artificiorum
921 1950 1021 1999 genere,
1049 1940 1176 2002 praecipue
1200 1937 1230 1988 ds

210 2020 313 2067 varietas
328 2019 376 2065 iam
390 2016 468 2064 locum
485 2015 544 2063 facit
560 2024 703 2080 suspectum.
735 2016 873 2065 statuariis
901 2027 926 2066 et
950 2021 1091 2084 pictoribus
1122 2025 1229 2088 ponitur.

211 2103 322 2150 Horatius
342 2110 406 2148 certe
426 2100 556 2165 scripsisset
577 2098 701 2165 ambigue,
735 2101 847 2168 Exempla
870 2102 911 2152 hic
934 2121 982 2153 non
1007 2117 1063 2156 sunt
1087 2113 1227 2162 necessaria.

213 2199 295 2239 contra
314 2204 382 2236 suum
406 2188 480 2252 ipsius
496 2194 648 2250 praeceptum
668 2202 703 2233 vs.
735 2184 878 2250 Videantur,
895 2204 953 2254 quos
966 2192 1049 2240 citavit
1057 2194 1182 2245 burmann.
1200 2195 1231 2246 ad

212 2279 269 2326 449.
284 2276 350 2323 Unus
360 2275 410 2322 sine
420 2271 492 2320 dubio
500 2281 616 2337 praestat,
629 2289 706 2337 neque
739 2273 844 2322 Petronii
876 2274 924 2324 Sat.
955 2294 1006 2344 cap.
1032 2282 1073 2330 38.
1107 2282 1134 2331 In
1158 2283 1230 2333 verbo

213 2372 292 2411 tamen
304 2377 347 2408 sua
363 2368 427 2407 caret
443 2357 594 2406 difficultate:
606 2375 660 2406 nam
677 2369 701 2405 et
734 2368 813 2407 autern
835 2363 957 2423 exprimet
979 2365 1027 2409 ianr
1048 2369 1154 2414 cernitur
1170 2368 1229 2416 arti·

213 2445 259 2495 hoc
282 2444 346 2492 varie
369 2441 484 2506 explicari
505 2449 597 2503 potest,
623 2449 647 2487 et
664 2457 704 2489 ex·
735 2443 787 2489 ficis
802 2447 964 2508 praestantia,
981 2449 1056 2512 magis
1072 2452 1157 2514 etiam,
1172 2453 1229 2517 quia

213 2532 329 2599 plicatum
348 2538 391 2577 est.
416 2525 462 2574 Sed
485 2527 546 2573 ratio
566 2526 705 2574 bentleiaua
737 2530 859 2593 seqnitur,
884 2529 947 2595 quod
964 2529 1032 2580 faber
1048 2539 1229 2586 aereima'tobi·

214 2636 264 2669 sese
280 2616 388 2682 inprimis
409 2611 562 2662 commendat.
588 2612 652 2661 Illud
669 2623 704 2661 ta·
737 2622 780 2662 tur
795 2618 897 2680 capillos
912 2620 1011 2680 molles,
1028 2636 1075 2668 non
1088 2623 1230 2688 simpliciter

215 2720 270 2752 men
294 2709 411 2761 teneatur,
439 2699 506 2746 linus
520 2715 601 2746 revera
617 2700 706 2764 signifi·
738 2702 885 2749 imitabitur
907 2704 1024 2767 capillos5
1049 2708 1082 2753 sic
1104 2725 1131 2755 ea
1149 2711 1230 2757 molli=

216 2800 256 2840 cat
271 2791 345 2839 soloe.
373 2787 438 2835 Unus
451 2788 559 2834 virorum
570 2794 659 2850 potes,
678 2796 706 2834 tu
740 2789 790 2835 ties
804 2790 830 2836 in
846 2790 897 2854 ipso
913 2807 966 2838 aare
983 2790 1076 2840 reddita
1093 2810 1142 2840 esse
1158 2795 1231 2843 intel-

216 2880 388 2938 salassorum,
412 2875 455 2940 qui
470 2890 533 2921 nuno
548 2875 647 2936 vivunt,
664 2891 706 2939 po-
738 2874 830 2941 ligitur.
845 2878 887 2926 Pro
903 2894 1010 2944 onmes,
1027 2880 1106 2930 instS.
1116 2880 1230 2931 membra·

217 2976 269 3017 tes:
293 2980 358 3012 unus
380 2964 453 3025 novi,
478 2963 544 3009 eolus
567 2962 642 3009 novi:
665 2961 705 3010 lu-
736 2979 826 3027 naoeo,
840 2964 903 3031 quod
916 2967 1101 3016 Brinckinannus
1117 2987 1146 3018 ex
1160 2970 1230 3019 Italia

217 3052 294 3121 phens
308 3066 372 3098 unus
387 3050 414 3097 iu
429 3048 524 3095 Teucris
542 3047 590 3095 fuit
606 3049 708 3096 iustissi·
739 3051 790 3098 viro
820 3049 888 3099 docto
911 3053 937 3100 in
961 3051 1124 3103 Neerlandiam
1147 3057 1229 3118 misit,

217 3157 283 3202 mus,
307 3139 374 3185 solus
394 3152 471 3184 omnes
494 3135 593 3184 Teucros
614 3137 707 3183 iustitia
739 3135 801 3184 unde
825 3137 934 3187 Dukerns
954 3142 1032 3188 varias
1053 3141 1167 3188 lectiones
1189 3156 1231 3188 ex·

217 3224 352 3292 superabat.
368 3224 477 3272 Horatius
493 3223 568 3288 igitur
587 3221 658 3271 dicit:
680 3223 708 3270 In
741 3233 832 3289 cerptar
857 3225 957 3275 editioni
976 3228 1104 3276 Basileensi
1125 3225 1230 3289 addidit,

218 3313 312 3363 officina
328 3314 389 3360 circa
409 3310 492 3360 ludum
507 3310 633 3359 Aemilium
645 3328 708 3360 unus
739 3313 854 3377 scriptum
870 3323 921 3362 erat
937 3330 1037 3380 angues.
1050 3312 1096 3360 MS.
1110 3311 1232 3359 Sermones

217 3399 338 3448 modoest
358 3397 440 3460 faber,
457 3397 575 3463 quisolus
588 3415 617 3446 ex
634 3399 708 3446 omni·
741 3399 892 3463 etEpistolas
906 3409 998 3448 tantum
1015 3395 1158 3446 continebat.
1180 3396 1231 3446 An·

217 3486 264 3536 bus
284 3484 359 3534 fabris
374 3485 400 3532 in
422 3483 504 3552 eadem
519 3483 612 3533 officina
633 3495 708 3533 artem
737 3501 801 3550 gates
816 3486 912 3552 quidem
936 3487 1060 3535 manifeste
1082 3482 1112 3530 ab
1136 3481 1231 3530 indocto

220 3572 424 3641 rxprimendorum
448 3572 549 3619 crinium
575 3571 707 3637 intelligit3
741 3571 839 3621 librario
866 3584 1002 3639 corruptum
1027 3579 1070 3618 est.
1100 3567 1146 3616 Sed
1169 3569 1249 3649 alias,

219 3661 274 3725 rel,
293 3669 328 3708 est
350 3657 432 3719 t’aber,
456 3657 523 3741 istpre
547 3657 610 3705 circa
625 3656 708 3705 ludunt
740 3656 854 3707 lectiones
869 3658 958 3708 ibidem
982 3660 1136 3708 inveniuntur
1156 3674 1171 3706 a
1194 3673 1233 3706 co·

220 3748 347 3796 Aemilium
367 3744 491 3805 habitans,
516 3743 558 3807 qui
578 3744 604 3790 in
625 3759 653 3790 eo
669 3759 710 3808 ge·
741 3745 814 3808 gnitis
832 3744 892 3794 MSS.
916 3744 1029 3792 diversae.
1052 3741 1096 3791 Ubi
1113 3741 1184 3791 hodie
1200 3744 1233 3791 sit

221 3850 277 3882 nere
294 3848 372 3880 ornnes
391 3831 450 3880 alios
473 3826 604 3876 antecellit.
626 3829 709 3892 Quam-
741 3829 804 3877 illud
825 3830 948 3892 italicum,
973 3832 1062 3895 ignoro.
1089 3831 1233 3896 Interpretes

222 3936 292 3987 quam
312 3920 387 3984 igitur
397 3918 474 3979 sober
493 3931 557 3963 unus
580 3916 615 3962 ita
635 3917 712 3980 accipi
742 3916 865 3965 Horatiaui
880 3933 927 3964 non
943 3918 1075 3981 cognovisse
1088 3917 1207 3967 videntur.

221 4005 308 4070 possit,
327 4012 431 4051 remanet
454 4001 546 4068 aliquid
562 4001 669 4067 ambigui
685 4011 710 4050 et
775 4004 854 4060 Quam
873 4017 933 4049 noso
952 4003 1035 4051 nivere
1051 4020 1138 4067 provo.
1156 4004 1233 4052 Resti-

221 4091 332 4163 obscuri,
345 4088 408 4156 quod
423 4091 511 4156 optime
525 4089 580 4138 tolli
592 4106 659 4156 posse
675 4105 712 4140 ar·
744 4099 785 4139 tue
810 4106 840 4140 ex
853 4088 961 4138 omnibus
983 4089 1106 4142 codicibus
1125 4101 1173 4140 tam
1192 4106 1234 4138 no·
