2752 4844
543 399 854 461 1611506118.

666 619 738 690 111.

189 838 265 910 Non
286 835 396 931 quivis
415 836 505 907 videt
524 834 744 906 immodulata
765 838 921 930 poimeta
944 837 1064 928 iudex,
1123 847 1205 910 263.

188 957 230 1027 Et
251 956 329 1026 date
348 957 507 1026 Romanis
528 956 623 1025 venia
644 963 694 1024 est
714 954 851 1048 indigna
872 957 989 1050 poetis.
1124 967 1207 1028 264.

157 1071 159 1075 ’
191 1075 363 1146 idcircone
384 1099 485 1167 vager
506 1072 719 1166 scribamque
740 1073 898 1164 licenter,
925 1083 963 1145 ut
984 1098 1099 1146 omnes
1124 1085 1206 1146 265.

190 1194 328 1265 visuros
351 1200 488 1289 peecata
509 1199 628 1286 putem
652 1214 745 1280 mee,
771 1199 866 1262 tutus
889 1202 924 1263 et
949 1194 1037 1263 intra
1122 1204 1203 1266 266.

190 1313 292 1408 Spem
314 1312 426 1382 veniae
447 1307 593 1380 cautus?
617 1309 725 1380 vitavi
750 1309 894 1404 denique
916 1311 1070 1407 culpam,
1123 1318 1204 1382 267.

188 1431 263 1502 Non
285 1429 421 1500 laudem
447 1431 565 1499 merui.
605 1428 670 1498 Vos
694 1428 897 1524 exemplaria
920 1430 1047 1501 Graeca
1122 1441 1204 1501 268.

181 1549 367 1621 Nocturna·
382 1556 511 1618 versate
532 1570 654 1635 manu,
680 1554 807 1616 versate
832 1533 974 1618 diurna.¹
1125 1560 1207 1625 269.

178 1772 323 1834 rentiam,
338 1772 395 1836 quie
409 1771 504 1819 Servius
520 1779 597 1818 tetum
611 1769 678 1819 illiue
710 1770 767 1817 dete
780 1770 878 1833 quidem
889 1786 918 1819 ee
932 1773 1013 1821 lueide
1025 1774 1163 1823 dicentium
1176 1781 1212 1825 te·

177 1866 344 1923 praeceptum,
354 1866 428 1904 metro
436 1850 675 1920 sublato,ex'preseit‚
709 1871 756 1903 nee
768 1858 908 1920 praemium
925 1866 978 1919 eet,
992 1862 1121 1925 magisque
1135 1860 1213 1908 eitiie

179 1941 243 2008 qued
259 1952 357 2008 apparet
377 1959 406 1990 ex
422 1940 528 1990 versibus
544 1942 681 1989 Terentieni
712 1957 809 2004 carere,
836 1958 907 2006 quem
927 1951 958 1991 ut
973 1946 1082 2007 aliquam
1098 1961 1213 2010 mugilem

177 2026 386 2094 praecedentibus:
400 2026 452 2076 Nee
459 2028 525 2074 milri
534 2029 679 2075 Graecorum
711 2029 832 2074 virtutem
848 2029 952 2092 adeptus
964 2044 1017 2078 esee
1031 2031 1150 2081 videetie
1166 2030 1212 2080 Ubi

177 2115 246 2162 ratio
261 2121 300 2161 eet
312 2115 440 2178 attingere
457 2113 558 2174 κοινάς,
572 2114 682 2171 Quarum
714 2111 864 2177 scribendum
879 2116 972 2179 potius:
986 2118 1115 2180 magisque
1132 2125 1163 2165 ut
1176 2118 1214 2165 vi·

175 2215 251 2249 reme
265 2201 334 2247 iueet
346 2201 442 2247 uestrie
453 2201 483 2246 in
491 2200 603 2247 vereilue
609 2213 677 2246 usus.
713 2200 762 2245 tiis
774 2213 870 2261 carere,
885 2214 957 2261 quam
973 2203 1082 2264 aliqieem
1095 2219 1130 2268 sq.
1145 2201 1211 2250 Idem

435 2281 437 2284 “
708 2283 781 2345 1v‚9.
795 2283 897 2330 Eidem
913 2287 979 2332 eatis
988 2289 1157 2349 putanteitie
1172 2302 1212 2336 ee·

397 2368 450 2417 111.
710 2382 776 2429 rere,
791 2369 821 2415 iu
834 2368 863 2417 id
874 2370 957 2432 e'qreum
970 2372 1210 2437 inuenientium,

708 2453 771 2514 qued
786 2455 926 2502 virtutibus
938 2464 1031 2516 cerem.
1055 2457 1103 2505 Nec
1120 2458 1212 2509 diverse

190 2542 296 2590 Reium
308 2541 338 2587 iu
353 2539 518 2586 meduletieue
531 2539 659 2603 negligere·
708 2539 769 2585 ratio
778 2539 803 2584 in
816 2537 921 2587 moribus
935 2539 1036 2590 obtinet.
1052 2543 1212 2594 LueesEuan·

207 2629 293 2674 tiores.
308 2625 348 2672 Ea
358 2625 516 2690 negligentia
524 2623 643 2688 exemplis
708 2622 756 2688 gel.
778 2623 857 2686 ml,
882 2627 922 2673 10.
949 2627 1018 2676 οὕτω
1043 2630 1090 2677 καὶ
1116 2629 1209 2692 ὑμεῖς,

244 2714 390 2760 Graecorum
403 2709 605 2774 eeteerrigende.
710 2708 777 2756 ὅταν
798 2712 928 2773 ποιήσητε
949 2713 1041 2761 πάντα
1054 2718 1090 2764 τὰ
1109 2716 1211 2766 διατα-

709 2793 818 2859 χθέντα
835 2794 912 2854 ὑμῖν,
930 2796 1038 2859 λέγετε·
1055 2800 1098 2849 ὅτι
1113 2801 1211 2852 δοῦλοι

206 2883 243 2929 Et
263 2882 323 2929 dete
345 2881 471 2928 llmueuis.
496 2879 542 2928 MS.
560 2879 670 2928 D’Orvill.
705 2879 812 2946 ἀχρεῖοί
836 2880 923 2941 ἐσμεν.
951 2883 994 2932 ὅτι
1022 2885 1035 2934 t
1061 2885 1210 2947 ὠφείλομεν

176 2969 224 3016 Sed
238 2967 298 3014 deta
314 2967 442 3014 Ileineeie.
707 2969 833 3030 ποιῆσαι,
850 2970 1044 3032 πεποιήκαμεν.
1061 2973 1210 3023 Preleudem

206 3055 287 3100 Tutus
302 3059 327 3100 et
343 3053 413 3098 iutra
430 3052 503 3115 Spem
519 3052 604 3097 ueniae
617 3065 673 3098 eeu·
705 3052 730 3098 in
746 3051 792 3100 MS.
810 3052 920 3102 D’Orvill.
938 3056 1030 3104 leudes.

172 3136 236 3187 tue?
260 3138 442 3186 commentator:
467 3136 597 3199 Numquid
617 3136 673 3184 ideo
737 3137 866 3185 Nocturna
890 3146 987 3187 versate
1013 3157 1087 3191 mauu
1111 3154 1209 3194 versate

171 3226 289 3273 eudeeter
304 3225 422 3285 scribam,
445 3223 504 3284 quia
520 3229 603 3270 certus
619 3237 674 3270 eum
705 3222 805 3271 dium.
834 3222 978 3290 Quamquam
1002 3229 1102 3292 Quintil.
1127 3233 1207 3282 instit.

169 3312 232 3375 qued
245 3312 311 3359 milei
331 3309 516 3373 indulgebitur,
539 3309 565 3355 ei
580 3323 672 3370 errem,
706 3307 768 3355 Oret.
786 3308 832 3371 lx,
849 3321 887 3371 tv,
906 3312 939 3358 24
954 3313 1088 3378 scripserit:
1114 3319 1166 3365 Est
1182 3326 1209 3366 et

169 3399 237 3446 rimu
250 3393 336 3444 aliie?
704 3395 832 3440 naturalis
849 3394 917 3452 orde,
932 3405 963 3445 ut
978 3399 1077 3448 virosae
1092 3402 1206 3466 feminee,

205 3484 291 3531 Viteee'
306 3482 410 3544 denique
425 3481 533 3544 eulpam,
551 3477 607 3527 Neu
621 3480 674 3526 leu-
706 3477 770 3526 diem
787 3495 813 3527 rc
834 3489 944 3543 noctem,
966 3493 1044 3532 ortum
1061 3496 1085 3533 et
1101 3503 1208 3538 occmum

171 3569 223 3616 dem
254 3568 344 3616 merui,
374 3564 465 3614 Similia
489 3574 545 3612 eunt
568 3564 677 3612 Terentii
706 3565 776 3612 dieue
791 3567 879 3629 petius
895 3581 967 3629 quam
991 3577 1142 3632 retrusum,-
1167 3588 1208 3622 ve·

169 3651 271 3717 Adelph.
290 3653 331 3714 tv,
348 3665 389 3714 111,
406 3655 430 3700 2.
457 3651 512 3715 Ege
533 3651 563 3697 iu
584 3651 629 3697 leue
645 3664 672 3696 re
705 3659 768 3698 teres
781 3661 861 3699 temen
881 3654 1013 3717 promiscue
1031 3655 1118 3706 dixisse
1135 3675 1208 3725 appe·

169 3739 240 3786 uitet
270 3739 378 3800 reperii,
409 3738 560 3800 quamebrem
586 3735 672 3783 lauder
704 3745 749 3785 ret.
767 3736 849 3802 lirgil.
866 3738 963 3788 Aeneid.
981 3740 1023 3802 ll,
1041 3744 1096 3791 127.
1115 3745 1207 3793 Neetee

171 3829 316 3886 tantopere,
341 3823 431 3887 Hegio.
456 3823 540 3870 Meum
569 3821 673 3885 efficium
704 3827 777 3885 atque
790 3823 845 3870 dies
854 3830 929 3886 petet
944 3826 1000 3871 etri
1019 3827 1098 3875 ianua
1119 3829 1204 3880 Ditis.

160 3910 247 3971 faeie:
265 3908 327 3971 qued
338 3914 466 3971 peceatum
482 3923 497 3954 a
513 3908 673 3955 uelieertum
705 3906 786 3973 Neque
808 3924 852 3972 ego
876 3906 921 3956 hee
945 3908 975 3957 ed
995 3914 1065 3960 metri
1080 3917 1207 3965 necessita-

170 4003 223 4056 eet‚
245 3994 350 4058 corrige.
371 3991 436 4040 Adde
448 3993 622 4057 Quintilianum
643 3993 669 4040 in
703 4002 751 4040 tem
773 3991 925 4041 referendum
946 3994 1064 4060 arbitrer,
1091 4009 1120 4047 ut
1135 4001 1207 4051 multi

168 4082 247 4131 lnetit.
261 4079 324 4128 Oret.
337 4077 401 4139 1111,
416 4082 488 4140 ΠΙ,2.
510 4078 577 4127 Nam
591 4093 670 4127 emen-
702 4075 814 4126 arbitrati
829 4088 902 4141 eunt,
920 4090 944 4128 et
960 4081 1076 4133 Gesnerus
1099 4085 1131 4135 ed
1147 4087 1165 4136 1.
1184 4087 1204 4137 1.
