2752 4844
174 354 234 417 184
447 353 660 415 uotttttt
691 354 934 418 EPISTULA

180 556 311 626 Dixeris
331 556 479 648 egregio,
502 562 623 625 notum
644 558 673 625 ei
695 556 817 629 collide
838 556 981 629 verbum
1133 564 1194 632 4⁷2

82 748 85 752 ,
180 671 377 746 Reddiderit
393 673 552 743 iunctura
568 696 705 745 uorum.
729 676 766 747 Si
782 676 869 748 forte
885 699 1019 750 neoeeee
1038 688 1092 750 eet
1109 734 1113 741 .
1132 688 1194 752 te.

400 976 442 1024 il.
704 973 839 1039 coniunge,
855 988 902 1022 uon
918 989 933 1020 a
948 987 1003 1022 sero
1017 966 1085 1035 sive,
1103 971 1150 1020 lroc
1166 981 1203 1022 eet

537 1114 540 1119 Δ
705 1059 813 1120 mnino,
830 1067 856 1106 et
867 1056 1024 1123 reprehendit
1039 1074 1092 1120 eos,
1103 1058 1153 1124 spui
1166 1048 1204 1106 ἑο·

192 1144 656 1211 hmtispetotnoessotsososo-
703 1143 790 1192 rendit
815 1161 831 1192 a
853 1144 996 1192 eminendo
1018 1153 1149 1210 repetunt,
1178 1153 1205 1192 et

207 1247 252 1295 re,
276 1233 331 1280 clio
354 1247 385 1279 ec
408 1231 511 1294 antiquo
535 1236 641 1293 tempore
704 1228 975 1277 contrarismlruicloco
984 1228 1205 1279 sententiamaffiu·

249 1318 323 1381 quusi
337 1319 368 1365 s'n
383 1317 463 1364 eitum
478 1329 599 1365 revocure.
707 1325 776 1380 gunt.
792 1313 905 1380 Equidem
917 1331 991 1363 unum
1003 1314 1072 1363 modo
1085 1331 1135 1364 esse
1148 1328 1206 1364 sere

704 1398 820 1462 arbitror,
840 1398 883 1448 sed
906 1399 996 1466 duplex
1019 1417 1065 1449 usu
1080 1408 1206 1466 receptutn

208 1491 241 1538 Iu
256 1489 338 1537 verbis
352 1490 429 1536 etium
445 1490 529 1536 tenuis
541 1493 675 1550 cauasque
706 1486 849 1551 perfectum.
873 1486 951 1534 Prima
973 1487 1039 1535 notio
1058 1503 1152 1552 semper
1168 1497 1205 1536 stt

175 1574 296 1624 merrdie.
318 1573 441 1623 Bentleius
461 1566 591 1622 rectissime
610 1571 674 1620 hunc
705 1574 835 1620 iocinore.
850 1571 974 1634 Horatius,
984 1572 1108 1637 puto,lric
1117 1572 1205 1622 melius

175 1676 269 1709 versum
279 1661 359 1726 posuit
367 1669 422 1708 aute
432 1676 467 1708 vs.
475 1661 517 1708 45.
534 1658 671 1721 decernet,
704 1657 852 1723 scripsisset:
876 1659 908 1706 In
924 1659 1006 1706 mdis
1026 1661 1104 1706 etiem
1120 1659 1207 1708 tesss's

174 1746 219 1794 dec
238 1746 475 1810 spemutproms'sss'
492 1745 614 1792 wrmisss's
628 1759 672 1791 aas·
703 1751 837 1807 mutusque
850 1744 969 1808 legendis.
985 1745 1042 1809 egit
1053 1743 1206 1795 nimirumde

173 1839 236 1882 οἱον.
264 1831 413 1894 »Restituo‚
434 1831 531 1896 iuquit,
550 1829 608 1877 huic
624 1846 677 1877 ver·
709 1828 805 1877 delectu
828 1828 961 1878 verborum.
985 1830 1034 1878 lloc
1054 1829 1143 1893 verbo,
1168 1833 1207 1880 iu·

173 1919 214 1966 sui
236 1933 306 1965 sunm
329 1916 408 1964 locum
429 1925 454 1964 et
478 1913 601 1976 ordinem,
626 1917 675 1962 iam
707 1914 776 1979 quit,
793 1914 865 1963 Poeta
881 1925 978 1978 utatur,
994 1916 1038 1964 illo
1053 1927 1208 1968 nonutatur.

173 2002 230 2068 plus
250 2001 318 2050 mille
336 2017 423 2062 nunes,
444 2010 473 2048 nt
490 2017 519 2048 ex
535 2000 616 2047 Servio
631 2016 674 2064 pn·
705 1999 846 2048 conseratur
858 2000 937 2048 Cicero
950 2000 979 2050 de
993 2002 1088 2050 Oratore
1099 2003 1206 2066 linet,

176 2088 359 2150 tet,emissum;
378 2102 452 2152 eoque
466 2084 601 2150 indignius,
614 2083 678 2150 quod
710 2087 759 2147 ³8,
784 2084 828 2133 ubi
848 2084 955 2151 disputat
976 2086 1005 2136 de
1026 2090 1138 2154 singolis
1152 2105 1208 2139 ver-

177 2171 209 2222 de
219 2171 303 2221 Ordine
313 2173 362 2220 iem
369 2188 433 2220 nunc
440 2169 591 2219 tractandum
599 2173 678 2218 erat.”
710 2169 762 2233 his,
779 2180 808 2218 ut
822 2171 948 2234 Horatius,
970 2183 1022 2220 tum
1037 2173 1067 2223 de
1082 2176 1208 2225 contiuua·

178 2259 265 2308 Mirum
289 2258 402 2306 Britanno
426 2255 548 2305 tmbatum
572 2255 679 2304 ordinem
711 2257 743 2304 tis
760 2257 947 2323 coniunctisque.
965 2258 993 2306 Iu
1009 2258 1080 2308 verbo
1097 2260 1208 2327 simplice

70 2356 78 2365 “
176 2343 218 2394 liic
233 2342 292 2393 adeo
307 2343 469 2410 displicuisse,
486 2352 511 2391 et
527 2341 676 2408 displicuisse
709 2342 814 2408 explicet
842 2345 1011 2408 inusitatum,
1040 2353 1157 2394 nonem
1181 2355 1208 2397 et

176 2429 355 2491 vehementius,
377 2430 434 2494 quie
455 2427 484 2475 de
503 2428 595 2476 Ordine
610 2443 674 2475 nuuc
707 2430 874 2477 translatum:
886 2431 912 2478 iu
928 2429 1124 2481 omnibnsautsm
1141 2432 1208 2482 dele·

177 2525 230 2564 eret
246 2512 403 2562 tractandum.
426 2512 472 2558 Cur
487 2510 550 2560 idem
566 2512 611 2559 ifle
624 2512 676 2560 Bri·
705 2522 772 2585 ctum
789 2530 838 2562 esse
851 2513 1012 2577 adhibendum
1026 2517 1103 2567 docet.
1120 2518 1147 2567 ln
1160 2517 1208 2569 tali

178 2609 265 2648 rannus
285 2595 391 2649 ordinem
415 2595 538 2645 turbatum
559 2606 608 2645 tam
631 2614 673 2662 pu·
705 2595 801 2646 delectu
814 2599 925 2649 Horatius
937 2602 991 2651 vult
1004 2613 1098 2668 poetam
1111 2613 1208 2654 essete-

177 2685 268 2733 tieuter
289 2681 393 2732 tulitin
417 2691 468 2731 tota
488 2682 607 2748 llpistole,
632 2682 677 2731 illa
708 2699 779 2733 uuem
802 2696 827 2733 et
844 2697 947 2737 cautum.
973 2688 1022 2737 lxm
1038 2690 1110 2738 cerdo
1125 2706 1209 2740 serm

178 2767 297 2836 Epistola,
322 2784 384 2834 qnae
405 2766 450 2816 hoc
472 2767 570 2816 consilio
590 2770 679 2834 scripte
711 2770 843 2834 significare
857 2782 936 2837 potest
948 2772 1021 2822 verba
1036 2792 1096 2824 nora
1107 2791 1207 2840 creuss,

110 2839 117 2851 ⁸
180 2865 229 2919 est,
243 2865 272 2904 ut
284 2855 378 2905 Pisones
387 2851 494 2916 doceret,
509 2851 681 2919 quidiul'oesi
706 2854 810 2918 fucere,
826 2859 895 2923 quasi
910 2861 1040 2909 seminare.
1064 2860 1123 2926 Sed,
1139 2878 1209 2928 prae-

180 2950 243 2991 esset
256 2940 370 3007 elegans?
384 2940 458 3005 Atqui
471 2939 568 3004 elegans
580 2940 631 2988 sine
644 2957 682 2987 or-
714 2949 822 3007 terqnam
838 2942 901 3009 quod
915 2943 978 2993 illud
993 2945 1104 3013 ambigue
1120 2947 1160 2997 hic
1174 2965 1211 3000 es·

179 3026 236 3076 diue
261 3026 362 3091 cogitari
381 3041 430 3075 non
455 3034 541 3090 potest.
569 3024 680 3074 Horatius
711 3037 749 3075 set
764 3027 868 3091 dictum,
889 3032 962 3096 quia,
979 3042 1008 3079 ut
1023 3033 1139 3098 vidimus,
1155 3051 1210 3084 m

180 3128 238 3177 ergo
259 3112 364 3177 turpiter
386 3111 510 3176 neglexit,
538 3109 602 3177 quod
625 3111 681 3160 aliis
712 3113 742 3160 do
757 3128 838 3162 serere
860 3115 1001 3182 plerumque
1024 3121 1143 3184 significet
1158 3137 1209 3170 ses·-

182 3195 682 3261 summoperecommendaritildemestmc
713 3213 807 3246 nonen
822 3201 924 3262 dudem
943 3203 1054 3253 Horatius
1077 3223 1123 3254 non
1139 3209 1210 3257 unice

181 3283 205 3332 si
225 3282 280 3346 quis
303 3281 385 3347 inepte
407 3291 432 3329 et
453 3280 554 3330 herbera
575 3284 681 3332 oratione
715 3283 823 3350 loquitur
837 3284 867 3335 de
880 3291 1052 3339 novicoerbs's.
1067 3293 1095 3341 lit
1108 3309 1161 3340 curn
1174 3291 1211 3342 di·

182 3365 312 3432 discipulos
327 3382 381 3415 suos
395 3365 549 3429 adhortetur,
566 3377 595 3415 nt
611 3369 680 3417 cesti·
712 3370 746 3418 cit
761 3371 804 3418 lsoc
821 3380 900 3436 amet,
918 3375 960 3422 lsoc
976 3384 1090 3441 spernet,
1106 3377 1212 3428 ostendit

94 3501 101 3508 ,
183 3461 241 3519 geta
262 3461 288 3500 et
308 3450 410 3517 pulchre
425 3452 554 3502 latinitate
571 3463 679 3503 utantur.
713 3471 741 3503 ee
764 3455 837 3505 verbe
860 3475 908 3506 non
932 3476 981 3508 esse
1002 3478 1081 3524 noso,
1104 3461 1146 3511 sed
1161 3465 1210 3513 iam

183 3539 272 3588 Serere
283 3547 364 3586 autem
378 3547 402 3586 et
414 3552 537 3586 conserere
550 3541 622 3587 verde
633 3539 684 3605 ple·
716 3549 824 3592 scetere.
840 3543 896 3592 Cum
909 3543 977 3594 addit
988 3548 1085 3596 diceris
1096 3551 1211 3614 egregie,

183 3639 285 3691 rumque
296 3621 385 3672 dicitur
397 3622 427 3671 de
438 3623 551 3672 continue
563 3626 684 3687 oratioue,
715 3625 747 3674 ad
762 3644 848 3677 novum
864 3641 1016 3697 praeceptum
1031 3634 1125 3682 transit.

184 3719 214 3760 ut
237 3725 370 3760 semem
389 3723 487 3772 encre,
512 3726 559 3758 uon
579 3709 637 3758 ndeo
653 3710 684 3760 de
747 3715 856 3764 Dixeris
867 3719 974 3782 egregie.
991 3718 1018 3766 lu
1031 3718 1214 3788 ttlerningti

184 3797 297 3863 singolis
319 3793 457 3859 vocabulis,
483 3793 512 3843 de
536 3794 623 3861 quibus
644 3795 684 3844 lric
716 3799 814 3847 dicerit
828 3803 935 3867 egregio.
959 3803 1042 3868 Quod,
1063 3815 1092 3854 ut
1107 3806 1166 3855 elias
1182 3824 1213 3858 ex

186 3883 276 3947 agitur.
297 3880 355 3931 tide
378 3880 526 3946 Oudendorp.
549 3880 580 3929 ad
594 3881 683 3948 appol.
716 3884 761 3932 illo
775 3885 821 3935 llS.
836 3897 861 3935 et
876 3887 986 3938 D‘Orvill.
1000 3900 1026 3938 et
1038 3891 1126 3941 Dulcer.
1140 3910 1155 3941 a
1171 3910 1214 3943 ne·

184 3966 279 4018 lietsm.
289 3967 308 4016 1.
325 3984 350 4033 p.
360 3968 384 4016 9.
401 3966 502 4016 Francus
517 3968 634 4032 interpres
646 3983 684 4016 se·
716 3971 779 4019 mine
797 3988 825 4020 ex
843 3972 903 4022 tiss,
919 3975 969 4023 suis
983 3985 1093 4026 notatum
1108 3977 1166 4029 ridi.

183 4053 271 4102 renuis
286 4052 379 4103 derivet
394 4071 410 4102 ι
422 4068 476 4101 sero
488 4054 571 4115 serui,
589 4051 634 4102 hcc
648 4063 685 4102 est
749 4057 842 4106 Notum
857 4060 883 4107 es·
897 4061 991 4109 collido
1003 4063 1101 4112 endum
1122 4063 1214 4113 Reddi·
