2752 4844
545 375 605 431 All
639 371 856 431 PISONES.

220 573 286 642 Rea
304 581 414 666 gestae
432 596 617 666 regumque
642 573 836 666 ducumque
857 579 891 642 et
911 571 1017 640 tristia
1034 569 1123 640 bella
1132 619 1146 658 ,.

1084 740 1092 765 t

186 795 283 844 Aeneid.
306 797 345 857 X,
365 797 419 843 tea.
446 798 566 843 inuadunt
581 799 685 861 pariter
717 780 823 863 syllabae
847 797 873 844 in
894 797 969 859 peius
992 795 1160 842 sollicitentur.
1186 792 1220 840 ln·

183 883 323 943 fluctusque
330 882 451 942 secedunt,
460 882 523 938 Quot
531 884 608 945 prius
616 898 685 930 aere·
718 882 755 930 his
776 883 799 931 G.
816 883 861 929 Fea
877 882 911 928 sir
928 891 1008 928 eontra
1026 880 1158 927 Bentleium
1176 895 1212 926 ar·

187 975 227 1014 tue
243 975 368 1014 steterunt
381 967 413 1013 ud
427 968 503 1013 litere
512 983 611 1030 prorue.
626 969 680 1015 Cum
715 978 879 1032 gumentatur:
907 967 1028 1013 Bentleius
1049 967 1098 1030 ipse
1121 966 1212 1013 fatetur

185 1062 265 1100 autem
283 1055 359 1115 prius
379 1069 393 1099 a
414 1051 554 1100 dormitante
576 1052 682 1100 librario
715 1063 806 1101 veteres
817 1053 984 1101 Grammaticos
996 1052 1079 1116 legisse
1089 1054 1164 1114 periers
1174 1051 1211 1098 ul·

185 1138 211 1184 in
233 1137 278 1184 diu
299 1146 414 1184 mutatum
437 1148 510 1198 esset,
536 1140 681 1200 sterilisque
714 1141 772 1187 tima
794 1149 918 1203 correpta,
944 1148 1015 1202 atque
1035 1155 1064 1184 ex
1082 1136 1126 1184 hee
1142 1152 1211 1184 versu

116 1281 119 1285 ,
181 1223 257 1286 peius
273 1223 317 1270 diu
331 1231 437 1286 sputaque
450 1225 541 1282 remis;
562 1223 680 1288 reliquum
712 1241 777 1272 suam
795 1225 881 1272 eruisse
896 1224 1010 1288 regulam.
1028 1222 1069 1268 llis
1083 1221 1156 1283 adde,
1184 1239 1211 1269 n·
1260 1210 1263 1215 ⁵

186 1318 249 1370 erat,
272 1317 299 1355 ut
315 1308 434 1372 proximus
451 1308 580 1372 exseriptor
594 1310 680 1373 ipsius,
714 1311 781 1374 quit,
799 1310 898 1373 Quintil.
912 1311 936 1371 l,
950 1321 994 1369 vn,
1007 1310 1030 1354 3.
1049 1307 1090 1371 qui
1106 1324 1152 1354 non
1168 1306 1210 1354 du-

185 1404 212 1441 ut
228 1392 340 1458 putabat,
358 1411 438 1440 versus
454 1396 531 1458 gratia
548 1393 620 1442 verba
636 1395 680 1443 illa
712 1395 775 1443 bitat
791 1413 907 1456 asserere,
925 1405 952 1442 nt
970 1403 1065 1452 notum,
1083 1391 1146 1457 quod
1161 1409 1211 1439 rrae·

184 1479 317 1527 inverteret.
340 1479 498 1527 stultulus.
713 1483 752 1528 lus
766 1480 832 1528 aliud
849 1464 926 1545 priore
940 1478 1032 1553 syllaba
1046 1478 1129 1544 longa,
1144 1477 1211 1526 aliud

212 1564 323 1613 Columna
335 1582 442 1630 queque,
460 1565 490 1614 ad
507 1567 605 1614 Ennium
622 1583 675 1631 pag.
710 1570 818 1632 sequenti
830 1567 961 1631 significan
981 1574 1005 1612 et
1022 1581 1074 1617 eum
1089 1563 1170 1611 eadem
1182 1564 1221 1611 li·-

182 1651 235 1698 163.
259 1653 336 1715 peius
361 1661 479 1715 tamquam
497 1654 557 1716 plus
579 1669 680 1716 pronun·
714 1662 764 1700 tera
782 1652 925 1698 nominativo
943 1666 997 1697 rasu
1015 1648 1104 1710 brevis,
1122 1649 1209 1697 ablati-

181 1735 265 1784 tiabat.
282 1736 328 1784 Sed
344 1738 466 1785 Bentleius
479 1739 566 1801 optime
582 1737 610 1784 de
625 1748 675 1786 tota
708 1754 736 1784 vo
751 1739 821 1802 longa
839 1741 887 1798 est,
905 1747 985 1783 utrum
1002 1751 1139 1800 sequamur,
1158 1735 1209 1799 ple·

179 1838 205 1868 re
231 1821 368 1886 disputavit.
396 1824 449 1870 l’ost
475 1824 608 1870 Bentleium
633 1824 676 1871 alii
709 1840 808 1888 rumque
835 1823 880 1871 hae
904 1832 960 1870 nota
985 1820 1094 1868 monendi
1119 1837 1216 1871 sumus..

180 1907 239 1955 alias
255 1907 460 1957 emendandi-vias
477 1919 607 1957 tentarunt.
631 1910 675 1956 No·
707 1910 802 1958 Carolus
824 1910 868 1957 Fea
886 1926 932 1956 non
948 1917 1012 1954 reete
1030 1914 1208 1971 argumentatus

180 2001 230 2040 tum
248 2004 296 2055 est,
315 1994 371 2058 quid
388 1995 538 2043 Marklandus
554 1996 580 2042 in
594 1997 673 2060 Eurip.
709 2007 752 2044 est.
779 1996 836 2043 Nam
854 1994 975 2042 Bentleius
989 1992 1110 2040 contendit
1126 2002 1208 2040 aueto-

178 2077 283 2143 Supplie.
304 2097 359 2144 pag.
378 2083 427 2128 262
453 2081 566 2128 voluerit:
595 2083 688 2152 Sterij
708 2083 804 2129 ritatem
821 2081 1026 2152 grammaticorum
1044 2096 1091 2126 esse
1105 2079 1205 2140 nullam,

178 2165 325 2227 lieee'peius
334 2167 482 2227 putremque
497 2167 580 2212 remis.
596 2167 675 2211 Errore
708 2182 755 2230 qua
773 2167 878 2230 regulam
895 2167 965 2241 istam
983 2182 1011 2212 ex
1028 2165 1099 2212 unico
1114 2164 1207 2212 Horatii

120 2311 123 2318 Ι
177 2249 292 2313 seriptum
310 2247 412 2313 putabat
429 2250 529 2313 primum
545 2253 674 2298 sterilisve
708 2250 815 2314 exemplo
837 2253 970 2311 sanxerunt,
995 2267 1068 2314 eoque
1086 2259 1204 2313 corrupto.
1253 2272 1256 2278 ¹

172 2336 249 2398 peius
261 2336 338 2398 peius
355 2343 461 2398 apteque
477 2338 566 2397 remis,
589 2335 673 2382 deinde
706 2336 866 2399 Quintilianus
897 2346 977 2383 autem
1010 2335 1071 2382 nihil
1105 2336 1204 2397 asserit,

176 2423 284 2468 omissum
301 2424 379 2485 palus
401 2422 517 2484 alterum,
531 2432 578 2484 iet,
604 2423 674 2469 metri
707 2422 769 2487 quod
789 2421 884 2470 adrem
906 2432 1053 2486 praesentem
1069 2419 1204 2469 ullomodo

93 2516 95 2521 '
157 2529 159 2534 ·
176 2507 267 2554 seilicet
282 2508 553 2572 saussa,interpolatum
565 2510 674 2555 sterilis·
708 2509 834 2572 pertineat.
852 2506 995 2572 Apparebit,
1012 2508 1032 2553 si
1048 2506 1126 2554 lorum
1142 2507 1203 2555 inte·

176 2608 204 2640 ve
220 2594 265 2641 diu
278 2597 354 2657 pelais
367 2602 471 2658 apteque
487 2597 570 2641 remis.
591 2594 669 2641 Burm.
703 2610 771 2658 grum
789 2610 931 2658 apposuero:
957 2593 989 2640 Ut
1002 2594 1084 2658 longis
1099 2594 1202 2656 sylltds's

117 2697 120 2702 ·
176 2677 206 2726 ad
223 2679 339 2743 Propertii
353 2681 471 2741 ll,1x,8.
489 2680 614 2727 formulam
631 2695 671 2726 ve·
704 2681 814 2726 erunibus
830 2695 948 2742 eprpeuere
964 2681 1057 2743 apicem
1070 2680 1202 2742 ineptissi-

175 2765 285 2828 dupuise
293 2766 407 2813 illustrat.
423 2767 556 2830 Propertius
565 2765 669 2813 dixerat:
703 2781 769 2812 anum
781 2773 833 2826 est,
851 2767 910 2826 quie
918 2766 1044 2828 plurimae
1057 2772 1150 2812 nature
1162 2767 1201 2828 ip·

177 2852 230 2897 Huc
245 2852 362 2913 quendem
381 2853 512 2898 Tiberinus
527 2854 579 2898 iter
589 2851 671 2910 secie·
703 2866 732 2897 su
752 2852 833 2911 uerti,
862 2843 924 2914 quod
940 2851 1075 2910 scribitur,
1095 2856 1202 2912 putent:

176 2936 232 2983 bet:
249 2944 274 2982 et
286 2939 363 2984 aiunt
376 2938 505 2983 Remorum
518 2937 617 2983 audites
625 2951 673 2999 per
704 2937 748 2983 sed
766 2939 872 2984 interim
890 2937 1067 2997 necessarium,
1087 2951 1141 3000 euru
1162 2950 1201 2983 eo·

176 3021 238 3068 eade
256 3023 332 3086 pulsa
353 3037 431 3069 senes.
462 3023 558 3070 Exstant
580 3038 672 3086 quoque
705 3022 757 3070 dem
778 3024 856 3070 litero
877 3024 956 3070 ulium
975 3029 1049 3085 etque
1068 3023 1147 3068 elium
1162 3024 1211 3069 irr-⁴

174 3107 275 3156 aliorum
291 3108 451 3170 coniecturae,
472 3117 500 3155 ut
515 3107 672 3173 duninghami
705 3110 841 3170 tellectum,
859 3116 938 3171 prout
958 3115 1069 3172 correpta
1091 3109 1130 3155 vel
1142 3124 1201 3172 pre·

174 3203 319 3257 versutasque
331 3194 369 3242 vel
384 3194 473 3242 dudum
485 3202 595 3257 arteque.
613 3194 671 3242 Wit-
704 3195 776 3242 demta
792 3202 845 3254 est,
854 3193 940 3255 feeit:
962 3201 992 3240 ut
1007 3192 1096 3256 malus,
1115 3201 1202 3241 utrum

173 3279 264 3343 helius,
288 3280 313 3328 in
329 3281 480 3328 annotatione
498 3279 604 3328 subiecta
618 3280 671 3328 Ora·
704 3279 809 3328 arborem
823 3281 964 3344 significet,
978 3279 1140 3327 euheminem
1154 3296 1201 3327 non

174 3360 234 3414 tioni
252 3366 280 3414 de
296 3365 448 3414 Telrbinihus
465 3383 518 3432 pag.
536 3370 576 3415 52.
598 3368 669 3415 eorri·
703 3366 806 3428 bonum,
830 3368 899 3430 apice
921 3367 1100 3432 distinguitur.
1130 3366 1206 3414 Palus,

173 3453 221 3517 git:
240 3455 373 3502 Steriiisee
386 3455 611 3518 palrts'Pomptiun
627 3470 667 3500 re·
699 3452 771 3500 eiirsd
786 3455 872 3516 priore
896 3455 990 3517 syldtle
1011 3454 1097 3517 lenge,
1128 3453 1201 3500 eliud

173 3542 247 3586 semis
255 3539 353 3586 Vieirms
361 3540 495 3587 urdeseiit.
505 3540 532 3585 ln
540 3555 586 3603 quo
594 3555 670 3603 neque
703 3541 816 3601 sequenti
836 3540 979 3603 signifieat:
1000 3546 1026 3586 et
1043 3554 1097 3585 euro
1118 3537 1200 3584 eodem

172 3634 237 3672 reete
254 3626 373 3673 omittitur
386 3626 430 3672 diu
448 3624 485 3672 vel
502 3624 579 3672 simile
589 3624 669 3672 adver·
702 3625 778 3672 litere
791 3627 943 3672 neruiuotiee
958 3641 1016 3672 cusu
1030 3625 1123 3684 irenis,
1134 3622 1199 3669 adle-

173 3707 252 3767 bium;
271 3720 295 3758 et
311 3711 420 3759 Horatius
436 3721 486 3759 tum
504 3727 546 3776 pro
562 3712 612 3758 elit
628 3727 668 3775 po·
702 3713 754 3758 tine
774 3712 848 3776 louge
869 3719 922 3773 est,
947 3719 1031 3758 utrum
1053 3723 1199 3770 sequnrnur,

173 3795 222 3843 tius
237 3797 366 3860 scripsisset
379 3799 463 3845 iuuet:
480 3799 536 3863 quia
550 3812 610 3844 uvae
623 3813 668 3844 non
696 3798 839 3860 plerumque
852 3797 896 3844 tac
910 3803 968 3844 ueta
981 3794 1094 3842 rnemirdi
1106 3807 1208 3842 sumus..

172 3880 231 3930 adeo
245 3879 275 3929 ad
287 3880 358 3930 urbes
370 3883 471 3930 alendus
483 3884 584 3931 sariunt.
595 3881 667 3944 Sunt,
700 3882 779 3930 Voluit
792 3883 903 3929 nimirum
916 3879 1089 3943 Quintilianus,
1104 3888 1132 3927 ut
1144 3888 1201 3928 utar

172 3969 215 4033 qui
235 3967 356 4033 vulgatam
378 3968 503 4016 lectionem
524 3969 601 4016 securi
620 3984 668 4016 am·
699 3968 785 4016 nostris
811 3965 991 4030 distinguendae
1008 3965 1150 4030 quantitatis
1168 3967 1200 4014 si·

172 4054 322 4119 plectantur,
346 4071 390 4102 nee
411 4055 544 4120 quantitate
568 4055 667 4103 ultimae
699 4054 765 4119 gnis,
786 4055 868 4118 pilus
888 4050 956 4100 aliud
979 4052 1113 4116 significare
1129 4068 1208 4119 quam,
