2752 4844
199 429 221 491 c
459 425 674 491 nonsru
704 398 950 490 nrrsroni

231 632 415 727 Fingentur
439 632 583 728 speciem
609 636 648 701 ut
671 655 735 702 nec
757 655 845 728 pes,
861 656 924 703 nec
949 637 1053 727 caput
1070 635 1137 704 >uni

202 867 247 914 ne,
264 854 290 900 si
300 852 381 916 perdor
396 859 447 915 est,
458 853 567 917 gentilis
582 854 692 918 ineptia,
725 863 768 902 ton
785 880 819 890 -
840 855 883 902 cui
900 855 1006 901 laterem
1025 860 1097 902 tenus
1120 855 1219 919 hispida

205 940 302 997 tandem
324 936 373 992 Res
396 937 695 1002 incorporccs'se'muletis
726 942 801 986 nenti
816 941 896 988 Frons
911 939 1031 986 hornirem
1040 941 1166 1003 praefert,
1190 942 1220 988 e'cs

198 1029 298 1091 fingere
313 1028 441 1074 membris:
461 1028 554 1074 Desine
569 1034 641 1091 tergo
657 1029 697 1074 lco-
723 1028 824 1091 pristin
841 1028 936 1075 desinit
951 1027 1029 1073 olous.
1047 1026 1106 1074 Nota
1118 1028 1144 1074 in
1158 1027 1220 1091 prio·

205 1113 626 1176 minisplumc'sobducere-frustra
639 1114 697 1161 Fer·
730 1130 755 1161 re
779 1113 886 1179 exemplo
911 1123 935 1161 et
960 1111 1061 1160 diversas
1079 1123 1175 1161 naturas
1196 1122 1222 1161 et

202 1206 249 1247 tur
263 1202 319 1248 aeis
331 1201 434 1262 metior,
448 1215 596 1266 nmgrusque
613 1200 695 1246 eadem
727 1199 789 1247 illud
811 1203 919 1248 lucrinis
926 1200 1011 1261 facies
1033 1207 1058 1245 et
1081 1200 1169 1263 otrgo,
1191 1208 1220 1246 ut

203 1284 248 1331 dea
269 1287 362 1332 vultur.
386 1285 463 1350 Atque
479 1284 538 1341 haec
559 1296 631 1349 sunt,
654 1303 696 1334 cur
728 1288 753 1335 in
769 1287 865 1335 Horatio
883 1291 1013 1336 humanum
1034 1292 1108 1348 caput
1129 1295 1153 1333 et
1169 1302 1221 1332 mr·

203 1369 368 1418 Bentleianum
391 1373 490 1432 somnos
518 1391 565 1422 non
589 1374 692 1423 laudem.
726 1375 775 1421 tier
790 1374 901 1435 formosa
928 1377 1048 1438 superne:
1081 1389 1109 1420 er
1134 1374 1221 1421 caudis

203 1456 284 1522 Neque
300 1455 413 1506 laudabat
429 1459 635 1526 Wyttenbachius,
652 1464 695 1526 qui
727 1462 868 1525 delphinum
884 1478 977 1527 qnoque
991 1458 1160 1522 intelligimus,
1178 1475 1221 1506 cur

205 1543 262 1590 olim
271 1542 417 1592 auditoribus
425 1546 634 1596 suuintthenaeo
642 1549 696 1594 Am·
723 1549 820 1610 pristis
844 1546 874 1594 ab
891 1548 986 1594 Horatio
1002 1546 1138 1612 appelletur
1153 1553 1220 1594 atre.

201 1629 368 1678 etelodamensi
379 1631 440 1679 hanc
451 1631 577 1696 Epistolam
592 1631 659 1680 docte
669 1642 694 1680 et
726 1631 825 1679 Gaudnm
840 1633 902 1683 enim
919 1631 986 1679 illius
1007 1632 1079 1694 piscis
1092 1630 1221 1694 significari

203 1717 326 1782 eleganter
341 1718 512 1783 interpretatus
527 1728 570 1767 est.
594 1719 698 1766 Dictato·
729 1728 828 1783 apparet
850 1712 879 1766 ex
901 1734 944 1780 eo,
964 1717 1026 1783 quod
1047 1716 1171 1765 mulierem
1194 1718 1220 1766 in

201 1821 254 1852 rum
264 1805 398 1869 exemplum
408 1804 437 1852 ab
446 1808 520 1852 amico
528 1814 610 1852 meoet
621 1804 693 1852 colle·
720 1806 821 1867 pristin
837 1805 948 1852 desinere
960 1802 1028 1854 dicit.

202 1889 391 1953 ga,Gl.ldahnio,
401 1894 489 1956 accepi.
498 1892 605 1939 Ceterum
613 1899 696 1939 atram
764 1891 796 1937 Ut
811 1906 853 1937 nec
865 1906 927 1955 pes,
953 1905 996 1937 rec
1008 1895 1083 1952 ceput
1094 1890 1141 1935 ori
1157 1889 1221 1938 nee

196 1977 306 2040 pristim
327 1977 436 2042 equidem
457 1978 528 2026 alteri
544 1986 627 2025 atrum
638 1979 695 2041 pis-
726 1977 802 2024 detur
805 1976 911 2037 formae.
924 1976 1033 2022 Horatius
1041 1972 1143 2036 librum,
1153 1977 1220 2024 cuius

200 2076 250 2108 cem
266 2062 336 2127 longe
350 2063 467 2126 praefero.
483 2065 593 2111 Horatius
606 2065 694 2112 anima·
724 2080 798 2111 vanae
807 2065 911 2128 species,
921 2072 1040 2128 tamquam
1048 2064 1113 2127 aegri
1121 2065 1219 2126 somnia,
1297 2110 1299 2115 ,

197 2147 243 2210 lia,
261 2166 289 2196 ex
308 2147 395 2214 quibus
415 2151 493 2214 pictor
509 2148 622 2196 desumsit
639 2166 692 2214 par-
723 2149 864 2213 linguntur,
894 2156 1013 2212 comparat
1042 2162 1095 2194 cum
1119 2145 1220 2195 ridicula

198 2246 248 2298 tes,
268 2236 403 2301 specialiter
421 2254 469 2284 non
487 2236 631 2302 generaliter
653 2234 693 2283 de·
724 2234 768 2283 illa
785 2237 899 2301 imagine,
918 2236 984 2282 cuius
1001 2251 1090 2282 summa
1106 2250 1160 2298 pars
1175 2250 1219 2282 nee

198 2322 288 2388 signat:
300 2332 356 2371 sunt
368 2325 469 2387 mulier,
487 2334 511 2371 et
522 2340 595 2386 equo,
604 2322 691 2388 quibus
724 2322 814 2369 mediae
829 2325 892 2386 parti
907 2339 951 2368 nec
967 2321 1061 2368 infimae
1078 2319 1217 2385 respondet,

198 2405 257 2454 adeo
281 2405 367 2452 melius
383 2408 492 2453 convenit
513 2406 614 2470 speciale
636 2407 692 2468 pri·
725 2420 832 2469 quaeque
850 2423 863 2452 a
878 2407 955 2469 capite
972 2404 1002 2452 ad
1019 2405 1091 2470 pedes
1111 2406 1158 2454 sibi
1172 2424 1220 2455 non

200 2496 264 2556 stis,
279 2511 350 2559 quam
366 2493 476 2559 generale
489 2493 579 2555 piscis,
597 2491 695 2557 Epithe·
728 2501 826 2540 constat.
847 2492 895 2539 lam
909 2492 1003 2555 eadem,
1019 2509 1159 2558 quamquam
1167 2509 1219 2540 ver·

201 2590 243 2628 ton
268 2589 347 2628 autem
369 2586 424 2626 ater
444 2579 532 2626 rectius
548 2576 695 2642 intelligitur
727 2575 765 2624 bis
778 2577 859 2642 paullo
876 2580 986 2641 mutatis,
999 2596 1060 2646 quae
1074 2579 1102 2628 de
1116 2581 1218 2645 imagine

199 2665 308 2715 additum
315 2667 413 2730 pristi,
431 2681 501 2730 quam
519 2664 596 2727 pisci.
620 2663 647 2711 ln
664 2679 691 2710 eo
724 2661 848 2726 (licuntur,
863 2663 974 2713 dicuntur
988 2665 1017 2714 de
1032 2665 1101 2715 libro.
1124 2667 1218 2716 Pictura

199 2751 307 2816 epitheto
330 2748 468 2815 explicando
488 2750 534 2796 iam
553 2749 642 2797 vetusti
654 2747 689 2796 la·
721 2747 764 2796 illa
782 2759 816 2797 est
833 2751 927 2815 imago,
944 2751 1022 2817 qualis
1038 2753 1064 2800 in
1080 2769 1159 2799 rerum
1175 2769 1216 2800 na-

198 2835 689 2887 borassevidenturScholiastae.Commen-
721 2845 774 2883 tura
795 2853 842 2884 non
865 2847 958 2901 exstat,
983 2837 1046 2886 liber
1068 2849 1104 2886 est
1120 2840 1215 2904 imago,

199 2932 274 2971 tator:
290 2931 384 2985 atrum,
399 2937 522 2986 magnum.
545 2920 626 2986 Neque
637 2923 694 2983 pri-
726 2921 803 2986 qualis
824 2924 850 2970 in
871 2939 950 2970 rerum
965 2934 1050 2971 natura
1066 2941 1113 2972 non
1130 2934 1215 2973 exstat,

201 3012 253 3058 stis
273 3011 303 3058 iis
319 3013 400 3075 ignota
420 2996 495 3059 ⁴lectio
512 3012 568 3059 suit.
601 3011 688 3059 Acron:
723 3013 814 3076 Quanto
830 3016 919 3062 rectius
933 3025 957 3062 et
968 3032 1015 3078 pes
1028 3025 1053 3063 et
1068 3022 1142 3079 ceput
1155 3014 1217 3063 libro

194 3095 306 3159 piscem,
332 3095 433 3142 belluam
461 3096 597 3158 marinum,
629 3097 649 3145 e'.
670 3111 690 3144 e.
726 3095 818 3160 demta,
833 3097 863 3145 ad
876 3100 1002 3165 imaginem
1016 3119 1086 3168 supra
1100 3101 1217 3166 depictam

196 3181 338 3244 pistricem.
368 3180 449 3246 Neque
468 3197 550 3245 parum
569 3180 633 3247 apud
656 3199 693 3230 me
726 3184 876 3233 referentur!
900 3186 956 3236 Vide
982 3198 1119 3253 sequentem
1135 3185 1217 3234 verbo-

200 3263 282 3312 ralent
296 3263 342 3312 duo
356 3264 464 3330 exempla
479 3265 619 3331 lirgiliaua,
632 3283 691 3332 quae
724 3283 776 3314 rum
802 3277 826 3315 et
849 3286 929 3318 rerum
952 3272 1073 3322 ordinem:
1104 3275 1218 3321 Ilunmno

145 3348 152 3356 '
200 3351 324 3400 Horatium
348 3369 396 3400 esse
421 3355 540 3401 imitatum
565 3370 591 3401 eo
615 3355 692 3400 minus
724 3356 806 3418 cupiti
819 3359 1143 3423 cerriccmpictorequinam
1158 3362 1217 3409 Iun·

201 3435 297 3497 dubito,
312 3438 368 3500 quia
382 3453 435 3485 eum
449 3447 473 3484 et
489 3436 689 3485 inaliiseliarum
718 3454 779 3503 gere
802 3442 828 3487 si
844 3443 923 3505 velit,
953 3449 1079 3495 etruriae
1102 3449 1217 3497 inducere

200 3521 357 3587 Epistolarum
371 3522 429 3570 locis
442 3522 581 3585 Aeneidem,
598 3540 691 3586 recens,
721 3527 821 3588 plumas
840 3527 948 3592 Undique
964 3533 1065 3580 collutis
1084 3536 1215 3597 mammes,-

199 3607 282 3670 credo,
307 3617 358 3654 tum
380 3607 481 3671 editam,
503 3611 631 3675 respexisse
654 3627 691 3658 co·
723 3619 754 3659 ut
773 3628 816 3660 nec
836 3622 911 3677 copem
928 3618 975 3663 uni
1006 3619 1059 3666 Nee
1069 3635 1117 3684 pes
1131 3621 1217 3669 redde·

199 3696 278 3759 gnovi.
300 3694 412 3760 Virgilius
432 3696 507 3760 igitur
527 3695 624 3745 Aeneid.
642 3697 687 3759 Ill,
722 3705 764 3746 tur
785 3700 900 3764 formae,
933 3705 977 3751 scd
1001 3707 1110 3769 turpiter
1135 3717 1217 3757 otram

197 3782 254 3830 426.
269 3783 357 3829 Prima
372 3784 580 3846 imminisfum'es,
594 3792 619 3831 ot
630 3786 687 3848 pul·
719 3787 828 3834 Desinat
844 3789 873 3836 in
884 3792 992 3852 pristim
1004 3795 1095 3841 mulier
1104 3795 1217 3856 formosa

198 3884 239 3917 cro
248 3877 348 3932 pectore
365 3872 437 3936 virgo
453 3871 520 3918 Pube
537 3878 625 3919 tenos:
644 3887 689 3934 po-
720 3887 831 3936 srepcrnc.
865 3874 960 3939 Oratio,
977 3877 1003 3925 ni
1020 3877 1109 3944 fallor,
1127 3883 1215 3947 etipsa

197 3961 290 4002 strema
321 3957 426 4003 immoni
448 3972 544 4021 copore
567 3957 685 4020 pistris,
720 3965 755 4004 est
772 3959 921 4022 concinnior,
938 3963 1039 4014 varietas
1055 3967 1080 4016 in
1098 3982 1215 4031 compara-

195 4043 345 4106 Delplee'nam
363 4045 452 4091 caudes
467 4052 537 4092 utero
557 4045 685 4092 cmnme'ssa
717 4045 781 4093 tione
797 4047 886 4107 maior,
903 4048 1064 4118 intelligentia
1074 4053 1174 4101 facilior.
1190 4052 1215 4100 Si

194 4130 313 4194 leporum.
330 4127 394 4177 ldem
410 4128 553 4192 teneruit,
567 4133 624 4180 211.
638 4131 688 4180 'l'ri-
721 4131 791 4197 quis,
821 4129 901 4198 inquit
922 4147 1007 4201 poeta,
1037 4138 1120 4202 pingat
1142 4144 1213 4201 caput
