2752 4844
176 380 217 443 30
434 380 646 445 uontrtt
675 377 922 444 EPISTULA

205 583 307 656 Terra
325 584 505 680 Neptunus
531 585 653 656 classes
671 582 899 678 Aquilonibus
922 588 1034 673 arcet,

171 788 230 853 Rrgo
243 788 352 838 aliicum
364 790 453 839 Acrone
462 806 553 856 pronos
566 794 591 841 in
604 792 663 840 uni-
693 790 802 839 aborisci
825 803 929 852 preceque
954 795 1047 838 creata
1079 787 1186 836 ceterum

172 893 264 926 versum
288 892 364 926 aanor
386 881 520 944 accipiunt,
546 881 663 928 volubiles
694 894 768 927 unum
784 876 894 942 idemque
910 884 960 936 cst,
976 886 1057 925 utrum
1073 879 1103 927 ia
1115 879 1188 926 leorae
1277 880 1285 916 ἰ

172 963 277 1026 scilieet,
299 965 416 1029 declivas,
438 969 489 1016 cita
510 969 617 1016 labentes
639 977 664 1015 et
693 968 781 1029 privas
796 981 838 1013 seu
858 964 986 1028 ungulae,
1003 981 1033 1011 an
1048 963 1144 1014 brevius
1159 966 1190 1012 in

172 1053 313 1102 instabiles.
335 1054 371 1102 lta
391 1053 478 1102 Seneca
497 1057 663 1118 praecepitem
695 1056 768 1102 horas
783 1051 882 1101 dixeras.
914 1050 996 1097 Noster
1012 1051 1075 1100 infra
1091 1054 1116 1100 in
1132 1053 1190 1099 drte

173 1155 265 1187 aarum
279 1141 399 1207 appellat,
415 1142 483 1188 llere.
498 1141 551 1188 Fur.
569 1158 593 1189 v.
609 1144 664 1190 180.
697 1158 721 1190 v.
739 1144 794 1190 tao.
827 1141 913 1189 Geatit
931 1139 1035 1201 peribam
1054 1142 1189 1202 colludere,

174 1227 296 1291 Properat
315 1245 388 1276 eursu
408 1228 466 1274 Vita
482 1230 574 1290 citato,
597 1230 667 1276 volu·
698 1237 724 1276 et
738 1231 806 1275 iram
823 1229 941 1294 Colligit,
958 1243 986 1275 ac
1000 1230 1073 1288 ponit
1089 1237 1190 1290 temere,

173 1316 257 1378 orique
267 1316 308 1362 dic
321 1317 385 1362 [tota
393 1317 546 1379 praecipitis
558 1317 667 1363 volvitur
698 1322 724 1362 ct
743 1322 858 1362 mutatur
875 1317 905 1362 ia
918 1317 997 1362 leorae
1014 1313 1086 1360 Serm.
1096 1313 1132 1374 Il,
1142 1327 1189 1375 tu,

173 1401 243 1448 acrei.
269 1399 342 1465 Atqui
363 1403 426 1468 apud
445 1403 555 1452 Senecam
577 1412 667 1451 morata
700 1404 739 1451 10.
753 1403 909 1451 Modolaevo
917 1401 1104 1450 Priscusiaaai
1120 1400 1192 1445 Viuit

175 1487 250 1533 oratio
272 1496 322 1533 est:
343 1485 388 1536 ubi
409 1492 471 1538 enim
487 1488 516 1552 de
533 1492 596 1538 vitae
611 1489 670 1537 bre·-
700 1491 854 1553 irmeqteclis,
876 1491 978 1537 clavum
991 1495 1021 1535 ut
1038 1492 1148 1533 mutaret
1163 1487 1193 1532 ia
1224 1516 1230 1530 .

174 1575 248 1623 ritate
270 1576 407 1640 querimur,
437 1572 501 1622 helle
523 1590 578 1622 sane
595 1591 667 1638 prae·
698 1575 778 1622 lorea
793 1573 876 1639 lugere
890 1574 951 1637 hnc,
965 1575 986 1621 si
996 1574 1045 1634 vis,
1060 1570 1193 1636 quodcum-

175 1663 272 1727 cipitem
296 1677 383 1709 aunum
412 1671 436 1708 et
460 1661 579 1709 volucrem
605 1659 668 1708 diem
701 1676 747 1726 que
765 1659 902 1726 epitheton,
925 1654 1090 1726 praeterquam
1104 1660 1193 1720 privos

174 1750 325 1809 incusamus:¹
341 1756 368 1796 at
388 1746 447 1794 alias
467 1744 540 1792 iidem
561 1753 589 1791 ut
605 1744 667 1791 lenti
699 1753 741 1791 aut
757 1747 887 1809 singulm
910 1755 935 1793 et
950 1745 1122 1811 putidissimam
1138 1760 1194 1792 ora-

174 1838 245 1884 nimis
261 1844 285 1882 et
304 1841 421 1881 morantes
437 1833 604 1894 increpantur,
630 1831 668 1875 Et
701 1831 789 1877 tionem
808 1830 904 1880 efficies.
930 1833 999 1880 Porro
1020 1835 1049 1880 ia
1067 1833 1121 1880 dies
1136 1832 1194 1879 sia-

176 1924 290 1989 qceritur
303 1923 387 1968 tardos
397 1919 436 1964 ire
449 1917 538 1962 relicta
548 1915 609 1960 dies.
624 1914 669 1960 ht·
698 1915 785 1977 gulos,
801 1916 831 1961 ia
845 1931 939 1964 ramnes
954 1918 1081 1983 cingulos,
1098 1921 1123 1965 in
1137 1919 1194 1964 sia-

176 2011 219 2076 qui
235 2008 316 2056 nullus
332 2005 372 2053 hic
387 2002 452 2068 apud
466 2001 575 2048 flaccum
589 2016 670 2047 mora·
697 2002 773 2064 gatos
791 2018 880 2064 araas,
906 2004 992 2068 passim
1016 2002 1080 2068 apud
1101 2002 1195 2050 Cicero-

176 2105 215 2143 tae
232 2093 333 2141 orationi
348 2091 413 2138 locus
431 2097 480 2135 est:
504 2095 529 2133 et
544 2087 667 2152 profecto,
700 2103 772 2150 nem,
795 2089 901 2152 Livium,
923 2089 1029 2156 aliosque
1050 2097 1193 2146 occurrunt;

178 2201 231 2235 tum
246 2187 275 2233 in
290 2199 366 2231 aanor
382 2179 455 2241 dicit,
477 2180 558 2242 inepte
576 2193 670 2242 prorsus
702 2192 746 2226 nec
767 2181 792 2227 in
815 2189 863 2228 tam
881 2182 944 2228 notis
965 2174 1080 2240 exemplis
1096 2185 1131 2222 est
1147 2176 1196 2224 im-

176 2274 293 2323 utrumvis
305 2269 447 2330 addidisset,
464 2284 506 2315 seu
518 2267 621 2329 celeres,
635 2267 672 2314 si·
702 2267 848 2318 morandum.
880 2271 975 2317 Priona
995 2275 1075 2314 autem
1094 2273 1119 2312 et
1138 2263 1197 2325 pri-

176 2373 205 2406 ve
222 2358 318 2418 tardos,
335 2371 411 2420 neque
429 2355 491 2401 enim
505 2354 628 2416 quisquam
644 2353 669 2399 in
701 2368 756 2400 raus
788 2364 813 2400 et
837 2369 929 2415 pronsas
954 2353 983 2400 oh
1008 2352 1195 2417 compendiosam

176 2442 251 2492 simili
265 2440 346 2505 phrasi
358 2448 474 2485 moratum
488 2435 611 2501 epitheton
624 2452 667 2483 us-
699 2435 818 2485 seribendi
832 2442 948 2487 rationem
962 2438 1076 2486 facillime
1090 2454 1104 2484 a
1118 2437 1196 2485 libra-

178 2543 249 2593 quam
269 2524 387 2574 adiunxit.
409 2520 522 2588 Equidem
541 2522 574 2569 sic
591 2522 668 2570 locum
699 2525 742 2571 riis
751 2522 955 2588 permutabantur.
975 2524 1013 2600 Sic
1026 2526 1099 2590 Epist.
1109 2524 1195 2588 Il,u1‚

178 2614 291 2664 restituo:
312 2612 344 2658 Ut
359 2609 508 2669 silviefolia
516 2609 603 2672 pricos
614 2623 672 2656 mae
702 2624 725 2658 r.
739 2611 779 2658 08.
805 2611 884 2658 Lenta
903 2611 1030 2658 Samnites
1050 2611 1084 2658 ad
1102 2613 1197 2658 lamiae

179 2708 268 2750 tantur
283 2701 312 2747 ia
327 2714 411 2747 uaros.
432 2698 524 2746 Amavit
540 2696 585 2746 hoc
599 2713 672 2746 voca-
700 2699 784 2760 prima
808 2698 894 2746 duello.
924 2699 974 2747 Duo
996 2696 1117 2746 Blandinii
1132 2696 1197 2763 apud

178 2786 263 2836 hulnm
284 2785 383 2847 Noster,
408 2784 451 2849 qui
472 2792 497 2830 et
517 2779 578 2831 alibi
598 2781 672 2830 habet
703 2783 830 2848 Gruquium
854 2799 938 2846 prono.
970 2785 1053 2850 virgil.
1078 2786 1116 2847 X,
1138 2787 1196 2834 292.

177 2875 252 2936 priva
280 2871 409 2932 triremis,
439 2878 464 2916 et
488 2868 592 2930 tardam,
614 2868 668 2915 sive
701 2869 805 2917 Primus
819 2870 849 2916 in
864 2885 934 2917 arma
950 2871 1021 2919 iube:
1037 2868 1080 2918 uhi
1094 2871 1197 2920 Pieriani

179 2959 252 3008 aliud
268 2960 375 3021 privum.
399 2957 493 3004 Festus:
512 2957 601 3003 Prinos
615 2957 673 3017 pri-
705 2956 797 3021 aliquot
812 2955 906 3006 Codices
919 2972 1019 3020 monus.
1038 2959 1133 3007 Lucret.
1148 2959 1196 3022 ΙΙΙ,

179 3063 267 3111 vaath
282 3047 384 3108 antiqui
398 3045 512 3093 Mordeat
523 3058 567 3106 pro
579 3045 673 3108 singra-
703 3046 760 3093 att.
780 3046 849 3094 Illud
860 3047 889 3092 ia
904 3047 949 3094 leia
963 3048 1034 3094 relus
1049 3063 1198 3111 nequaqnam

180 3137 223 3184 lis.
252 3132 342 3180 Gellius
357 3130 393 3192 X,
410 3134 451 3180 20.
482 3131 580 3178 Veteres·
604 3131 672 3195 priva
704 3145 799 3178 sumere
833 3133 916 3192 possis
944 3134 1099 3195 Democriti,
1137 3132 1201 3196 quod

181 3224 311 3282 dicarent,
325 3233 439 3281 peccans
448 3217 674 3282 singalcdiciraae.
708 3224 795 3264 sancta
815 3219 870 3266 ciri
889 3222 1015 3268 amicalia
1031 3221 1120 3281 poait5
1137 3220 1198 3267 Cor-

182 3307 211 3355 llt
227 3306 299 3367 folia,
315 3305 408 3369 inquit,
425 3309 556 3351 mutaretur
571 3305 600 3350 ia
615 3305 673 3351 sia-
702 3305 773 3365 poris
793 3311 866 3369 atque
886 3307 968 3353 animi
986 3307 1125 3368 primordia
1140 3307 1198 3354 sia-

178 3395 253 3459 gulos
275 3405 364 3454 annea,
393 3391 433 3437 ita
456 3389 581 3437 verborum
603 3395 674 3436 aelus
702 3391 765 3455 gula
778 3391 1013 3453 primisAdpoeito,
1030 3377 1137 3439 alterius
1152 3407 1198 3438 aa·

181 3487 253 3528 aetas
272 3477 379 3538 interit,
399 3491 459 3522 nova
485 3474 598 3522 exoritur.
625 3473 677 3521 Ln-
707 3475 775 3520 riare
791 3482 818 3521 et
833 3483 929 3524 aeetae
943 3479 1055 3526 membra.
1082 3479 1118 3525 lta
1134 3495 1198 3526 nunc

181 3569 270 3615 arctina
287 3565 319 3628 V,
332 3565 389 3613 eta.
415 3561 482 3610 Aira
504 3573 568 3607 auree
588 3560 673 3625 igiter
704 3561 788 3625 scripti
801 3559 920 3628 aditique:
937 3562 978 3612 sed
993 3565 1044 3612 sine
1057 3563 1130 3613 dubio
1144 3581 1200 3613 cor-

183 3652 276 3713 dicum,
292 3651 336 3711 qui
350 3661 447 3710 corpore
464 3652 514 3693 toto
529 3647 676 3695 [anamma-
705 3645 830 3711 rigendum
844 3658 892 3706 esta
907 3649 1021 3710 Corporis
1033 3659 1106 3716 atquc
1119 3654 1201 3701 animi

183 3738 270 3785 liliter
291 3737 380 3798 privas
402 3739 516 3780 mutatur
538 3733 568 3779 ia
592 3733 671 3781 horas.
703 3719 841 3794 primordia
853 3735 1046 3800 singulapricis
1062 3739 1199 3803 Adposita,

183 3823 245 3889 Quid
257 3823 352 3872 autem?
367 3820 447 3868 Nonne
461 3820 554 3885 gemina
567 3818 637 3884 plane
651 3829 677 3867 et
709 3817 757 3867 hoc
768 3830 817 3868 estc
831 3823 935 3886 singula
947 3826 1202 3887 eorporisprimcrdic

185 3925 295 3977 germana
315 3917 384 3970 sunt,
404 3908 493 3969 privos
511 3912 627 3953 mutatur
646 3907 676 3952 ia
707 3906 820 3970 singulis
834 3908 914 3955 animi
929 3910 1051 3971 adposito.
1070 3912 1112 3961 llis
1127 3929 1202 3978 argu-

185 3997 259 4045 tuas
272 3996 392 4056 etpricoe
402 3989 677 4043 mutuatariaartaos?
709 3995 794 4041 mentis
808 3995 866 4043 freti
887 3997 972 4056 privos
995 4000 1024 4047 in
1040 4016 1116 4048 aanor
1137 3998 1202 4066 apud

185 4083 276 4141 Iterum
292 4081 325 4144 l,
338 4083 393 4130 782.
421 4083 496 4146 Inque
520 4083 575 4130 dieo
592 4082 678 4144 privos
709 4080 816 4131 Flaccum
845 4081 1001 4148 adscivimus,
1033 4103 1081 4134 uon
1102 4100 1199 4147 pronas.
