2752 4844
502 377 561 435 ΑΙ)
593 376 806 437 PISONES.
1099 370 1189 432 123'

174 576 264 669 Quid
277 576 404 668 deceat,
422 576 505 669 quid
522 599 609 662 non3
627 597 695 670 qao
709 577 832 666 virtue,
851 598 920 671 quo
933 574 1016 646 ferat
1027 596 1130 646 error.

176 694 348 765 Scribcndi
365 703 454 766 reate
475 719 589 790 sapere
609 702 660 766 est
676 702 710 766 et
729 696 931 789 principium
954 704 988 765 et
1010 692 1100 763 ione:

176 813 260 883 Rem
283 813 345 890 tibi
368 815 555 885 Socraticae
576 822 736 908 poterunt
757 796 929 884 ostendere
954 813 1107 898 chertee3

176 930 351 1026 Verbaque
374 934 541 1027 provisam
560 957 629 1002 rem
655 957 723 1003 non
749 933 851 1005 invite
872 941 1065 1026 aequentur.

174 1049 241 1137 Qui
261 1049 395 1142 didicit,
418 1053 544 1147 patriae
564 1051 647 1144 quid
675 1050 795 1122 debeat
818 1049 956 1145 etquid
977 1050 1106 1134 amicis,
1128 1061 1130 1064 ’

176 1168 251 1256 Quo
264 1169 306 1238 sit
315 1193 426 1240 amore
435 1192 570 1265 parens,
584 1193 652 1263 qao
663 1169 764 1239 frater
773 1168 935 1239 amandus
946 1175 980 1239 ct
991 1165 1131 1279 hospes,

142 1411 270 1467 rhetoricos
290 1411 405 1462 Ciceronis
427 1409 636 1480 diligenterlegit.
670 1423 809 1467 estverum.
826 1415 871 1478 Qui
886 1412 970 1462 didicit
983 1409 1041 1479 qaid
1056 1412 1106 1476 ipae
1122 1426 1164 1475 pa·

142 1497 280 1546 simillimus
295 1497 335 1547 hic
351 1507 387 1547 est
399 1498 513 1549 Ciceronis
529 1499 594 1550 laena
607 1499 637 1548 de
670 1502 730 1550 triae
744 1499 843 1561 debeat,
857 1517 903 1549 non
914 1497 968 1548 ideo
980 1498 1046 1546 novit
1056 1495 1114 1562 quid
1121 1496 1166 1548 alii

141 1583 236 1631 Oratore
251 1584 288 1647 II,
304 1586 345 1634 28.
379 1585 424 1646 Si,
445 1601 499 1633 cam
515 1601 559 1651 ago
575 1588 638 1634 hana
670 1585 780 1635 debeant.
796 1585 884 1633 Sinon
900 1583 1009 1632 didicerit
1022 1584 1122 1648 patriam
1134 1580 1165 1630 ab

142 1677 264 1718 oratorem
279 1684 381 1733 creare,
401 1671 496 1734 alacre,
512 1669 636 1732 consterna·
667 1670 722 1720 aliia
733 1670 782 1719 alie
793 1669 912 1736 postulare
926 1667 1016 1730 officia,
1033 1677 1058 1715 et
1070 1666 1129 1732 quid
1138 1668 1165 1716 in

141 1769 182 1817 ro,
199 1754 296 1802 tradem
311 1769 365 1802 eam
381 1756 470 1804 Oraeaa
485 1757 636 1805 adcendere-
668 1773 709 1806 ono
723 1757 822 1822 quiaque
830 1757 894 1804 vitae
904 1771 989 1820 genere
999 1761 1023 1801 et
1032 1751 1165 1801 conditione
1220 1804 1223 1811 ν

142 1840 200 1887 dam
212 1848 239 1888 et
252 1841 391 1890 amandam.
409 1839 473 1889 Idem
487 1842 522 1904 ΙΙ,
533 1844 574 1892 87.
589 1843 640 1891 Sed
670 1840 770 1904 delicat,
787 1841 830 1890 ille
839 1840 898 1890 edos
914 1858 943 1889 ex
959 1857 983 1888 ae
996 1840 1123 1900 metietur,
1140 1847 1166 1885 et

143 1927 201 1974 hoec
224 1941 266 1976 era
290 1933 343 1975 tota
363 1927 463 1975 dicendi
483 1929 555 1976 habet
576 1929 636 1976 hanc
668 1927 1165 1994 nunqnamconvenientiacniquepereonae

141 2012 210 2074 aim,
231 2027 280 2060 oen
298 2019 329 2060 at
346 2019 425 2060 totam
439 2014 537 2077 aliquid
546 2015 637 2077 pariat
668 2012 760 2063 reddet.
784 2013 893 2064 Licuitne
916 2011 1041 2077 Tarquinio
1060 2007 1167 2074 Superbo

140 2112 170 2146 aa
179 2104 302 2161 procreet,
318 2113 401 2147 aeram
413 2104 444 2146 at
453 2114 495 2162 ea,
509 2113 570 2161 qaae
577 2106 637 2148 ami
667 2115 767 2164 regnum
780 2097 1012 2162 armiarecnperarei
1028 2097 1115 2144 Brutus
1128 2110 1166 2143 eo·

146 2190 202 2230 orta
224 2185 276 2231 iam
299 2185 329 2232 ia
350 2185 421 2233 nodie
448 2191 474 2231 et
492 2190 639 2247 procreata,
672 2182 774 2248 gebatur
785 2181 1165 2243 filioninterficereicoriolanua,

144 2267 230 2319 educet
248 2275 322 2332 atqaa
346 2269 479 2329 omfirraet.
513 2267 638 2331 Quintilia·
668 2267 769 2317 Manliae
789 2267 948 2332 Capitolinus,
969 2266 1070 2316 Manlius
1089 2265 1166 2330 impe·

142 2353 273 2404 nnelnatit.
290 2353 353 2404 Orat.
370 2354 474 2403 Prooem.
487 2354 507 2402 Ι.
521 2355 586 2402 aiere
594 2353 640 2413 sa-
671 2355 760 2418 riosna,
769 2353 849 2417 Decii,
865 2369 896 2402 ne
904 2353 963 2402 aliae
971 2368 1110 2414 memorem,
1119 2367 1166 2417 quo

141 2439 271 2503 cundiam,
288 2441 356 2487 eirea
371 2455 462 2505 augere
482 2441 640 2502 eloquentiae.
672 2437 741 2488 modo
764 2455 815 2488 aeae
842 2455 898 2504 erga
926 2440 1028 2505 patriam
1056 2437 1168 2503 gessere?

141 2525 229 2575 ductor
244 2523 275 2574 ad
290 2525 434 2578 Herennium
448 2524 491 2588 tv,
507 2526 548 2574 43.
572 2526 641 2573 aiait
672 2524 764 2587 Hocne,
778 2523 840 2590 quod
856 2527 979 2589 iecerunt,
995 2524 1073 2590 patria
1086 2531 1167 2589 poeta·

142 2612 273 2674 aeaeae,
293 2611 416 2675 prodaait
436 2611 470 2658 ad
489 2611 551 2658 heae
571 2605 638 2659 aete·
669 2608 752 2659 labat?
775 2609 857 2659 aliane
879 2620 1001 2675 tempora,
1025 2609 1086 2659 aliae
1110 2626 1165 2673 ree,

142 2704 208 2760 tem,
221 2697 316 2746 muniit
332 2699 401 2746 denia
414 2697 517 2762 legibue.
670 2695 718 2744 alia
731 2695 853 2761 postulant
870 2695 964 2745 officia?
976 2696 1038 2744 Haec
1050 2697 1110 2744 acite
1126 2693 1168 2744 de·

177 2783 298 2846 Verbaque
308 2783 436 2846 proaimm
459 2796 510 2829 rem
529 2797 578 2829 nen
597 2781 638 2828 ia-
669 2779 711 2829 het
732 2789 803 2845 poeta
824 2778 853 2828 de
870 2779 938 2844 aliia,
955 2789 983 2829 ut
998 2783 1058 2830 acire
1080 2778 1166 2844 dehet,
1220 2765 1230 2780 '

142 2868 199 2917 oita
214 2875 353 2930 aeqaeeatar.
386 2867 448 2914 aem
464 2865 511 2914 tibi
525 2874 638 2930 poterunt
670 2864 784 2931 quomodo
792 2867 900 2931 paterait
908 2865 1034 2930 amandae,
1047 2865 1077 2915 de
1085 2881 1167 2933 quara

143 2951 280 3015 ostendere,
304 2966 356 2999 rem
378 2953 493 3016 provisam
516 2949 589 3000 verbe
603 2967 640 3000 ae·
671 2954 777 3017 quaestio
788 2952 846 3000 oriri
853 2959 948 3016 potest,
961 2961 991 2999 nt
1004 2953 1031 3000 in
1047 2951 1133 3005 Manlio
1141 2961 1168 3003 et

143 3046 260 3103 queritur,
277 3047 326 3086 tem
338 3035 417 3085 odiosa
429 3044 464 3084 est
472 3034 639 3087 eiusdemanb·
670 3038 795 3103 Pomponio
809 3036 904 3086 tribuno
917 3036 995 3103 plebia
1006 3039 1064 3087 icire
1078 3036 1165 3103 debet,

142 3124 241 3173 etantiri
253 3121 396 3173 aineullevi
410 3123 535 3187 repetitio,
553 3132 581 3170 ut
596 3123 641 3172 mi-
672 3123 736 3190 quod
751 3125 782 3172 sit
803 3122 906 3172 officinm
922 3126 1049 3188 cenatoria,
1064 3123 1167 3189 iudicia,

142 3226 182 3259 rer
202 3225 362 3274 summopere,
388 3209 510 3258 inventum
535 3224 584 3257 esee
609 3225 638 3257 ex
670 3206 733 3274 quod
749 3210 904 3273 imperatorie.
921 3211 967 3275 Ego
980 3210 1167 3260 Horatiumscri·

144 3305 210 3344 tanto
226 3296 383 3359 interpretum
393 3309 490 3342 numero
506 3295 639 3358 neminem,
670 3295 743 3359 psiase
760 3294 874 3343 coniicio:
894 3296 945 3353 eet
959 3297 1052 3345 didicit
1061 3299 1166 3362 patriae

143 3378 381 3447 quireprehenderit.
398 3380 430 3427 Ee
436 3380 548 3428 nimirum
557 3390 592 3428 est
602 3381 638 3428 via
670 3379 731 3444 qaid
742 3380 825 3428 debeat
838 3387 864 3429 et
874 3382 1040 3446 paieamioe'e.
1058 3360 1167 3441 Quiane:

143 3464 533 3516 consuetudinia.Gaecntimuavel
547 3463 637 3514 adtur-
668 3475 777 3531 paratum
796 3474 831 3515 est
851 3483 866 3515 a
890 3468 958 3531 qaid.
990 3467 1090 3533 Vulgare
1114 3477 1166 3517 erat

144 3551 313 3615 piaaimavitia.
331 3551 418 3615 Quanti
429 3559 480 3597 erat
496 3547 583 3598 lobaria
590 3549 635 3599 hoc
668 3551 729 3614 qaid
749 3553 806 3615 qaia
823 3552 915 3603 debeat.
932 3555 969 3602 Ite
989 3563 1073 3619 poetae
1093 3570 1165 3620 saepe

143 3637 229 3685 vitium
237 3637 287 3686 leni
299 3637 478 3702 transpositione
487 3634 583 3683 tollere!
595 3635 638 3684 Le·
670 3637 748 3686 iacere
765 3638 849 3688 solent.
865 3639 946 3688 Horat.
963 3639 1036 3689 Serm.
1054 3640 1117 3702 1‚4.
1133 3655 1164 3689 na

40 3714 44 3719 ’
145 3721 638 3786 gamauiiieprd‘ectaliedderepereoaaa
666 3725 844 3788 patriamrem
857 3725 962 3773 Perdere
977 3725 1163 3790 quisvetitdl,

145 3808 196 3855 ecit
211 3809 380 3856 convertentia
396 3810 497 3871 coique,
518 3808 636 3871 Verbaque
668 3811 693 3858 8.
717 3810 794 3867 Quam
815 3813 840 3858 si
854 3827 907 3858 cum
921 3812 1009 3859 iambis
1024 3813 1081 3875 qaia
1096 3813 1164 3862 edit:

142 3885 391 3955 prooiaamreea'naa
405 3895 636 3955 iavitaaeqaeetar.
653 3916 655 3924 ν
669 3893 698 3942 de
712 3911 758 3959 quo
774 3912 849 3959 pauca
865 3898 985 3944 annotavit
997 3896 1118 3947 Bentleina
1133 3898 1164 3949 ad

179 3979 230 4036 Qui
245 3978 350 4038 didicit,
362 3980 465 4041 patriae
481 3979 541 4041 qaid
555 3979 638 4027 dieat
669 3979 864 4044 huiusEpistolae
874 3998 908 4029 vs.
925 3984 980 4030 tal.
994 3983 1037 4030 Pro
1045 3984 1118 4048 qaid,
1135 3995 1163 4036 nt

144 4073 171 4113 et
188 4065 249 4128 qaid
260 4065 356 4112 amieis.
373 4064 420 4112 Hoc
433 4074 637 4129 praeceptumnon
669 4067 695 4114 in
711 4065 778 4130 aliis,
794 4068 829 4115 ita
841 4068 867 4116 in
879 4066 924 4116 MS.
934 4063 1163 4123 Brenckmannieret
