2752 4844
528 365 586 428 ll)
618 371 837 433 Pisonis,

196 570 367 659 Difficilis,
393 572 578 665 querulus,
605 571 763 641 laudator
787 571 949 663 temporis
978 569 1043 638 noti

162 796 321 857 eupationnm
348 797 463 858 peomne
490 798 663 842 emtemseris:
695 797 791 843 emitum
804 789 1191 858 exspectare.StetinsSilv.ll,1‚

160 882 208 928 iiia
232 888 307 942 sunt,
334 897 394 944 quoe
417 897 460 927 nos
483 869 610 928 morentur
635 889 660 927 et
692 883 732 929 62.
750 881 826 927 Ouln'
837 886 954 926 uenturae
966 892 1022 940 spes
1033 891 1081 923 non
1093 877 1193 939 longin-

159 965 280 1014 detinent.
308 967 376 1023 Quid
397 963 475 1030 ergo?
497 969 557 1013 Tem
575 967 661 1030 longos
694 981 742 1028 qua
763 961 900 1012 iuventae?
922 972 946 1010 et
966 960 1040 1009 Theb.
1058 961 1115 1023 XII,
1132 962 1189 1009 382.

157 1066 214 1113 spes
230 1048 391 1113 relinquam?
404 1053 434 1098 ab
450 1053 531 1114 e'psnm
542 1066 593 1098 esse
606 1051 657 1098 dis-
686 1058 790 1116 gratum
803 1049 1072 1111 estfortnnn:pernetn
1080 1053 1119 1093 est
1129 1047 1190 1110 Spes

158 1134 261 1184 eedem?
282 1136 346 1184 Idem
372 1135 447 1184 alibi:
476 1137 660 1183 Odementinm
692 1137 826 1200 longinqua
839 1135 902 1182 vine.
925 1130 1096 1196 Quamobrem,
1113 1133 1134 1179 si
1149 1147 1191 1195 spe

156 1224 187 1268 in
203 1223 272 1269 leoni
282 1228 365 1269 aetate
376 1237 432 1285 spes
445 1223 531 1286 longos
543 1223 658 1268 ineleonn·
691 1224 778 1285 longus
790 1219 836 1285 (id,
849 1219 952 1285 quodne
967 1216 1123 1266 dubitandum
1136 1218 1190 1282 qui-
1223 1257 1230 1269 .

160 1306 241 1355 tium!
249 1307 287 1355 Sic
299 1307 407 1364 ἐλπίδες
422 1307 523 1374 μακραὶ
533 1307 660 1355 Plutarcho
693 1307 747 1355 dem
768 1305 812 1370 est)
839 1308 860 1354 is
884 1305 978 1354 demum
999 1313 1063 1352 reete
1085 1303 1189 1366 dieitur,¹

158 1389 232 1459 Περὶ
250 1397 298 1457 τῆς
321 1395 360 1450 εἰς
377 1392 474 1456 ἔκγονα
492 1392 580 1450 neilus
601 1409 656 1457 pag.
689 1394 732 1458 qui
739 1408 794 1456 spes
806 1393 906 1456 longas,
918 1391 1070 1456 longinquas,
1082 1406 1190 1438 serasso-

161 1477 256 1526 881.de
266 1478 365 1526 muliere
374 1480 491 1526 infantem
500 1478 593 1527 alente:
611 1478 659 1526 Ti·
690 1477 727 1526 let
747 1480 886 1551 eoncipere;
908 1477 1004 1525 minime
1023 1476 1127 1524 omnIum
1145 1475 1189 1524 hoe

160 1581 210 1612 νων
224 1565 317 1612 ταῦτα
334 1565 470 1629 nandeisi)
488 1564 585 1631 χρειῶν
594 1563 659 1612 inei·
691 1563 786 1612 senibus
807 1565 938 1627 competit,
968 1563 1011 1627 qui
1032 1565 1058 1610 in
1084 1571 1189 1609 extremo

157 1667 227 1706 νοις,·
246 1648 304 1697 ἀλλ’
325 1647 390 1698 οὐδὲ
408 1656 464 1706 τοῖς
479 1652 541 1698 νῦν.
562 1649 591 1697 ni
606 1652 657 1715 γὰρ
690 1652 753 1698 vitae
777 1649 894 1696 curriculo
913 1665 960 1696 non
981 1648 1028 1696 nisi
1044 1655 1191 1711 praesentes

160 1734 273 1791 ἐλπίδες
283 1733 380 1800 ἄδηλον
390 1737 436 1784 καὶ
446 1737 554 1802 μακραί.
570 1736 660 1783 Statius
693 1744 717 1783 et
725 1737 879 1803 propinques
891 1733 980 1782 audent
996 1750 1121 1786 assumere.
1143 1735 1189 1798 Spe

160 1819 234 1868 Theb.
252 1821 358 1882 11‚3el.
382 1822 481 1868 enodem
497 1823 607 1868 animum
623 1822 662 1868 do·
695 1822 784 1886 longus
796 1821 872 1885 igitur
880 1819 979 1867 alterius
991 1820 1076 1867 aetatis
1090 1820 1188 1880 vitium,

160 1908 196 1952 lor
212 1907 299 1968 ireque
313 1908 423 1968 demens,
437 1908 535 1971 Eique
545 1923 593 1954 non
602 1922 663 1971 gro·
695 1907 791 1954 minime
816 1895 905 1954 senilis.
926 1905 1038 1970 Virgilius
1047 1904 1076 1952 de
1089 1907 1189 1967 iuvene,

157 1993 212 2038 nior
230 1994 376 2040 mortalibus
395 1993 482 2040 addita
498 2008 575 2053 eure,
599 1994 660 2056 Spes
692 1993 728 2055 X,
753 1993 997 2041 senonensem
1021 1992 1120 2055 aliquid
1139 2007 1190 2038 mn·

156 2078 201 2124 ubi
213 2079 287 2142 longo
300 2080 378 2125 venit.
396 2087 421 2125 et
436 2078 529 2140 l‚322,
539 2077 661 2142 eleganter
690 2094 782 2142 gnum,
805 2080 901 2141 vimque
921 2079 998 2140 offere
1014 2079 1085 2125 verbo
1106 2078 1190 2124 Credi·

157 2179 213 2226 spes
239 2164 316 2210 annin
340 2170 444 2210 mentem
466 2164 609 2225 Extrahit,
635 2170 661 2211 et
692 2164 780 2225 deret,
809 2165 916 2226 coeloque
945 2165 1056 2210 animum
1076 2163 1209 2224 fortusse'
1262 2175 1265 2183 ¹

156 2249 229 2312 longo
250 2251 372 2296 consumit
389 2249 486 2312 gaudie
503 2256 565 2296 noto.
591 2247 658 2311 Quod
682 2248 798 2308 semim,-
822 2249 994 2310 Canitiemque
1014 2250 1082 2310 sili,
1100 2256 1125 2294 et
1138 2250 1188 2295 lon-

156 2335 209 2397 pari
232 2333 350 2398 elegantia
376 2335 492 2398 expressit
515 2343 539 2380 et
558 2334 658 2380 variavit
687 2348 734 2398 gos
753 2335 918 2396 promiserat,
931 2348 1015 2382 onnes.
1038 2333 1067 2380 Ut
1092 2332 1189 2382 senibus

156 2418 296 2467 Claudianus
312 2421 338 2468 in
355 2418 421 2466 Proh.
438 2429 462 2466 et
476 2417 555 2484 Olybr.
573 2435 606 2466 vs.
617 2420 656 2466 65.
691 2429 772 2466 eontra
793 2436 848 2483 spes
870 2428 951 2467 curtae
973 2417 1102 2483 brevesque
1119 2429 1188 2480 sunt,

155 2522 202 2554 nen
225 2507 303 2553 annin
324 2511 428 2553 mentem
455 2507 517 2568 Spes
538 2506 610 2569 ogit,
633 2512 660 2552 et
690 2507 811 2553 incertae
834 2513 859 2552 et
874 2505 1017 2552 necessariae
1035 2504 1117 2552 mortis
1136 2521 1190 2552 con·

161 2593 230 2656 longo
248 2592 331 2639 tendit
346 2591 493 2655 praecordia
508 2598 570 2638 uoto.
594 2591 662 2639 lune·
693 2591 751 2638 finio
768 2591 866 2654 positis:
889 2589 1101 2656 tinternensis
1125 2590 1191 2650 μέλ·
1214 2620 1217 2623 -

157 2662 219 2724 nelis
232 2678 255 2738 Ι,
269 2679 323 2724 133.
345 2678 479 2724 Vestiiuiis
492 2677 582 2738 abeunt
596 2685 660 2724 oete·
693 2675 787 2732 λοντός
800 2676 868 2734 ἐστι,
886 2668 918 2724 ei
938 2673 969 2724 δὲ
986 2678 1035 2725 τοῦ
1054 2678 1118 2736 βίον
1138 2679 1188 2725 τοῦ

156 2764 319 2826 resiessique
333 2764 451 2824 clientes,
471 2764 575 2825 Votaque
591 2763 660 2826 depo-
692 2762 747 2810 τῶν
764 2761 897 2826 γερόντων
919 2764 951 2810 τὸ
976 2761 1073 2820 μέλλον
1100 2761 1190 2825 ὀλίγον

157 2856 235 2896 nunt:
251 2864 394 2911 quiunquam
411 2849 559 2911 longissime
574 2863 659 2895 eoenne
692 2849 726 2895 ait
750 2847 864 2902 Graecus;
883 2864 936 2911 spes
954 2849 974 2896 si
999 2846 1095 2912 quidem
1111 2848 1190 2896 futuri

78 2979 80 2982 Α
156 2935 219 2997 Spes
239 2935 347 2980 imnini:
370 2935 451 2980 cuniis
466 2934 570 2980 miserie
587 2940 661 2995 utque
694 2942 741 2992 est;
757 2943 783 2981 at
795 2934 821 2981 in
837 2931 887 2981 vita
903 2948 985 2980 senum
1000 2932 1064 2998 quod
1080 2935 1190 2982 futurum

155 3021 228 3084 ignis
245 3019 364 3066 eruendus.
387 3017 514 3066 Sallustius
529 3017 594 3082 apud
605 3018 657 3066 Ser·
691 3028 743 3081 est,
758 3035 856 3083 parvum
870 3028 913 3066 est.
931 3017 975 3066 Ubi
987 3035 1050 3066 nune
1064 3028 1133 3081 sunt,
1146 3021 1189 3084 qui

151 3106 233 3153 nium:
248 3105 396 3152 EtMeteiIo
404 3104 493 3167 promi
504 3111 593 3168 agente
607 3105 657 3151 ion-
689 3104 814 3168 imperiose
827 3102 912 3152 iubent
927 3120 970 3168 spe
986 3106 1073 3169 imegns
1088 3104 1188 3156 δύσελ-

153 3208 189 3258 gn
202 3207 258 3256 spes
271 3191 431 3238 auxiliorum.
450 3189 532 3242 Inhis
549 3187 657 3238 omnibus
689 3204 734 3247 πνς
747 3191 871 3255 accipere?
891 3189 1014 3238 Sententia
1030 3190 1126 3256 quidem
1142 3191 1188 3240 hoe

154 3278 213 3327 loeis
229 3292 285 3339 spes
296 3278 370 3341 ionga
386 3274 467 3323 eadem
484 3285 533 3336 est,
547 3285 607 3340 quae
621 3291 657 3323 se·
690 3285 715 3323 et
728 3285 813 3323 natura
828 3277 880 3341 ipsa
895 3273 976 3333 iuben
994 3276 1067 3325 verba
1082 3294 1138 3326 vero
1151 3296 1188 3327 re·

154 3380 198 3428 ra,
212 3365 363 3428 longinquo,
381 3378 440 3427 quae
457 3363 483 3408 in
500 3360 655 3426 longinquum
688 3363 812 3426 fragantur
833 3371 858 3409 et
879 3362 1022 3424 reclamant,
1043 3363 1115 3411 immo
1132 3381 1187 3412 eon-

156 3449 301 3499 extenditur.
320 3449 415 3508 Tacitus
430 3446 514 3495 innnl.
532 3448 601 3509 XIII,
615 3450 657 3496 et.
691 3447 764 3495 traria
773 3464 866 3512 prorsus
875 3459 942 3505 sunt;
956 3465 1023 3511 eum,
1037 3458 1066 3496 ut
1075 3450 1188 3498 sutisiam

156 3537 231 3584 Posse
247 3537 292 3583 iiii
306 3550 409 3600 mgnum
425 3534 515 3581 stabile
530 3535 657 3597 continge·
689 3531 804 3596 vidimus,
826 3549 868 3598 spe
892 3536 962 3600 longi
983 3537 1081 3583 iuvenes
1102 3536 1188 3582 merito

156 3637 196 3682 re,
208 3625 249 3685 si,
261 3624 351 3670 omisso
359 3636 401 3689 spe
412 3621 547 3684 longinque
555 3626 657 3681 et'seen,
691 3618 786 3667 dicendi
803 3629 886 3683 erunt,
904 3637 972 3669 senes
984 3631 1064 3668 autem
1080 3635 1123 3684 spe
1136 3621 1186 3668 ire·

150 3715 308 3772 praesentem
319 3709 487 3770 potioremque
502 3712 653 3766 sequeretur.
687 3720 736 3753 nes.
754 3704 815 3769 Quid
832 3707 905 3771 ergo?
925 3706 1026 3754 Homine
1045 3715 1073 3752 ut
1088 3705 1185 3754 Horatio

155 3793 236 3839 Livius
248 3792 279 3854 l,
292 3794 316 3840 6.
334 3794 476 3840 insuescere
492 3790 599 3837 militem
616 3805 656 3836 ne·
688 3789 811 3838 credamus
825 3791 934 3839 excidere
948 3792 1070 3856 potuIssei’
1084 3791 1185 3840 Tentan-

156 3884 253 3939 strum,
277 3893 325 3925 non
351 3879 428 3925 solum
450 3883 529 3940 ponta
550 3875 658 3922 victorio
689 3874 745 3922 dum
759 3885 823 3923 certe
839 3874 931 3940 aliquid
945 3885 994 3936 est,
1008 3876 1028 3923 si
1042 3877 1104 3924 forte
1121 3875 1185 3925 dnm-

154 3964 225 4022 frui5
241 3963 296 4024 sed,
310 3964 336 4009 si
351 3978 391 4009 res
407 3964 485 4008 etiam
499 3961 591 4008 lentior
603 3961 654 4021 sit,
688 3970 769 4007 natum
791 3959 913 4008 hominem
935 3971 960 4008 et
981 3959 1025 4008 sub
1048 3962 1116 4010 furna
1132 3980 1184 4010 eae-

155 4051 214 4114 pnti
229 4050 351 4110 taedium,
368 4048 512 4111 etqnnmvis
525 4049 656 4110 seraespei
688 4031 790 4093 dandum
812 4045 930 4094 calumnia
951 4045 1104 4113 periculoque
1124 4048 1184 4098 libe-
