2752 4844
224 406 263 466 76
488 409 700 514 HOR‘ATII
732 406 976 466 EPISTOLA

254 610 320 698 Qui
344 631 454 679 mores
476 608 650 679 hominum
672 609 859 679 multorum
885 607 968 678 vidit
991 615 1025 678 et
1050 605 1162 677 urbes.

223 847 254 880 ru
271 835 373 896 Troiae,
397 849 473 898 neque
486 840 572 898 captae
582 840 642 897 post
656 848 717 881 roae·
750 835 869 881 Priamus
881 834 1017 880 novissima
1032 834 1122 879 Troiae
1131 833 1251 894 Tempora

223 920 269 966 uia
285 921 388 981 Troiae,
409 936 486 984 neque
503 927 589 983 captae
602 927 663 982 post
672 920 717 979 sa·
749 921 866 967 sortitas.
895 919 960 967 ldem
984 920 1079 966 Metam.
1102 917 1167 977 llll,
1192 917 1251 964 365.

222 1007 572 1069 aeraTroioeverumputem,
588 1002 717 1052 hachalseo
750 1006 870 1053 Forsitan
894 1013 920 1052 et
941 1006 1031 1069 Pylius
1054 1005 1122 1051 eitra
1144 1003 1254 1050 Troiano

222 1105 321 1139 caussas.
343 1090 452 1138 Horatius
465 1107 495 1138 ex
507 1091 606 1136 Homero
623 1089 717 1137 demon·
745 1092 858 1154 perisset
875 1093 1000 1153 Tempora.
1022 1089 1128 1137 Velleius
1141 1088 1252 1136 Patercu-
1269 1140 1276 1156 ι

222 1184 296 1239 strat,
323 1176 393 1241 quale
419 1192 468 1222 esse
490 1173 576 1222 debeat
600 1191 669 1239 grave
695 1185 719 1222 et
752 1176 790 1223 lus
805 1178 830 1239 1,
843 1178 868 1224 3.
885 1178 966 1224 Itioca
981 1181 1148 1239 componentes
1164 1181 1253 1237 tempo

221 1261 322 1326 simplex
334 1263 442 1310 carminis
452 1262 515 1325 epici
528 1258 656 1308 exordium.
674 1260 719 1308 Ho-
752 1276 789 1310 ra.
804 1261 845 1310 nbi
854 1262 923 1326 plura
930 1248 1080 1325 interpretes.
1097 1261 1126 1307 Et
1138 1260 1172 1307 sic
1180 1260 1253 1323 Quiu-

221 1362 314 1409 merus‚
338 1356 367 1394 ut
390 1349 425 1394 ait
440 1345 538 1410 Quintil.
561 1345 638 1393 lnstit.
656 1346 718 1394 Orat.
753 1347 790 1395 til.
800 1347 906 1408 x11‚1o.
925 1347 1253 1409 UireaPeiopoaaesiatem·

219 1433 343 1494 x‚‚1.2'a
358 1434 490 1494 utriusque
506 1433 588 1495 operis
599 1433 716 1496 ingressu
744 1447 816 1495 pora.
839 1431 934 1480 Ovidius
953 1434 1048 1480 lletam.
1062 1431 1184 1492 Xl‚160.
1208 1431 1253 1496 Py-

220 1519 250 1565 ia
270 1505 432 1581 paucissimis
449 1519 560 1565 versibus
576 1519 652 1582 legem
660 1533 719 1582 pro-
751 1516 875 1583 thagoram
899 1519 958 1566 facit
978 1527 1125 1566 narrantem:
1147 1517 1254 1564 Troiani

223 1605 366 1665 oratiorum,
384 1619 432 1651 aon
447 1605 514 1666 dico,
536 1605 661 1666 secavit,
679 1605 722 1651 sed
755 1611 860 1668 tempore
872 1606 930 1652 delii
942 1604 1093 1652 Panthoides
1106 1603 1254 1666 Euphorbus

222 1691 365 1738 emetituit.
391 1691 501 1738 Horatius
515 1689 623 1753 exemplo
636 1706 721 1754 propo·
754 1706 828 1738 orara
850 1690 896 1738 Sed
910 1699 944 1738 est
960 1689 1061 1756 simplex
1074 1690 1193 1737 namatio:
1213 1698 1252 1749 et,

226 1777 264 1823 nit
280 1777 367 1840 primos
377 1792 458 1822 versus
470 1775 596 1841 Odysseae:
613 1773 723 1840 Ἀνδροι
755 1785 784 1822 ut
809 1776 921 1840 Virgilius
947 1778 973 1823 in
997 1775 1113 1840 principio
1137 1772 1254 1823 Aeneidos

221 1879 266 1933 ρον
291 1860 386 1910 i'rrsrte
412 1858 718 1925 Μοῦσα-πολύτροπον,
752 1876 873 1926 nunquam
892 1860 1006 1909 dixisset:
1024 1861 1102 1909 Aona
1124 1862 1254 1921 uirumque

223 1946 252 2002 ὃς
269 1944 341 2004 μάλα
363 1945 452 1994 πολλὰ
474 1944 634 2009 Πλάνχθη,
662 1946 722 1995 ἐπεὶ
756 1962 828 2008 cauo,
845 1947 1255 2011 captaeposttemporaTroiae*

223 2030 250 2080 Τ
249 2033 323 2096 ρολης
338 2031 412 2096 ἱερὸν
421 2031 587 2096 πτολίεθρον
597 2029 717 2096 ἔπερσεν.
752 2033 785 2079 sic
806 2033 916 2080 Horatius
931 2049 1024 2080 versum
1036 2031 1199 2092 Homericum,
1217 2032 1254 2078 ita

222 2114 339 2165 Πολλῶν
353 2113 380 2164 d'
395 2116 545 2184 ἀνθρώπων
557 2116 622 2166 ’ider
633 2115 718 2166 dorsa
751 2116 887 2180 redditum,
906 2117 1009 2184 exempli
1024 2120 1113 2179 instar,
1137 2132 1254 2164 commen-

222 2203 268 2252 καὶ
285 2203 347 2252 νόον
364 2200 438 2265 ἔγνω.
464 2203 508 2251 Hic
528 2202 601 2252 verba
620 2203 718 2270 Τροίης
751 2203 806 2253 dare
831 2221 878 2252 non
902 2205 990 2271 potuit.
1008 2205 1037 2252 Ut
1061 2210 1122 2268 post
1146 2209 1255 2266 tempora

220 2288 295 2355 ἱερὸν
308 2287 474 2355 πτολίεθρον
487 2287 600 2355 ἔπερσεν
613 2289 718 2338 conside·
749 2297 835 2354 captae
860 2292 966 2354 Troiae,
997 2291 1068 2350 μετὰ
1096 2288 1161 2344 τοὺς
1186 2288 1254 2354 χρό-

220 2374 294 2423 rande
317 2385 379 2423 sunt.
397 2376 475 2423 Oratio
495 2375 613 2440 simplex,
639 2385 718 2422 tamen
750 2393 810 2430 νους
843 2379 892 2438 τῆς
927 2374 1026 2440 Τροίης
1058 2372 1192 2431 ἁλώσεως,
1227 2375 1254 2421 in

220 2463 322 2526 poetica.
344 2461 453 2508 Horatius
467 2463 493 2508 in
508 2462 580 2524 Epist.
595 2462 618 2522 1,
634 2473 667 2521 11,
685 2462 716 2509 ta
749 2457 845 2507 exordio
869 2461 978 2507 carminis
1000 2460 1063 2523 epici
1083 2461 1153 2506 nimis
1176 2458 1255 2509 humi·

220 2545 324 2594 reddidit
348 2547 469 2612 eleganter
495 2546 600 2593 ianitor
617 2544 714 2593 Troiae.
749 2543 772 2592 le
789 2543 897 2606 videtur,
918 2546 953 2592 ita
970 2551 1031 2607 post
1045 2543 1143 2604 funera
1154 2560 1202 2592 non
1218 2561 1255 2594 sa-

220 2631 287 2679 Nnnc
303 2631 432 2680 reddidisse
445 2637 718 2696 captoeposttemporo
749 2631 781 2678 tis
817 2628 964 2687 modestum
996 2635 1057 2692 post
1087 2630 1184 2678 moenio
1216 2646 1256 2678 ca-

224 2720 326 2781 Troioc‚
348 2736 395 2766 non
418 2728 453 2766 est
477 2715 600 2766 credibile.
625 2715 722 2764 Videtur
750 2722 812 2780 ptoe
837 2716 928 2763 Troiae
951 2724 1031 2763 autem
1055 2713 1129 2764 habet
1153 2717 1179 2763 in
1203 2716 1256 2781 ipsa

222 2805 284 2851 enim
300 2806 370 2851 nimis
388 2803 478 2851 humile
496 2806 521 2851 in
539 2801 646 2860 exordio;
665 2803 722 2868 quia
754 2799 850 2849 dicendi
866 2800 968 2849 formula
989 2800 1082 2866 aliquid
1098 2800 1252 2863 affectatum,

220 2889 284 2938 idem
299 2891 433 2955 significat,
451 2905 477 2937 ac
490 2892 512 2937 si
526 2889 647 2954 legeretur
658 2896 718 2952 post
750 2897 776 2935 et
796 2904 843 2953 quo
866 2889 1012 2935 recentiores
1033 2889 1159 2954 scriptores
1180 2888 1255 2952 magis

221 2975 287 3022 iilud
300 2982 408 3038 ternpus,
425 2991 471 3039 quo
486 2974 576 3021 Troiam
594 2974 665 3038 cepit.
682 2975 719 3021 lta
750 2972 881 3022 delectatos
899 2974 1009 3037 invenio,
1039 2990 1111 3039 quam
1131 2974 1254 3022 Horatium

218 3042 298 3124 rieque
318 3060 419 3107 Graecus
438 3061 561 3125 quisquam
582 3075 658 3123 neque
673 3059 719 3105 Ro-
752 3068 776 3106 et
800 3061 919 3124 antiquos.
935 3058 961 3107 Si
979 3058 1078 3108 verbum
1096 3076 1214 3124 apponas,
1231 3075 1253 3106 e.

219 3160 302 3192 manns
318 3162 411 3194 carmen
427 3145 552 3194 ordiretur.
567 3146 718 3194 Ferreum.
751 3161 773 3192 c.
788 3151 849 3209 post
869 3159 954 3192 euerso
973 3147 1064 3193 Troiae
1077 3147 1174 3193 aracaio
1185 3158 1255 3193 nemo

219 3244 304 3277 caerae
323 3238 383 3294 post
403 3239 511 3295 tempora
536 3232 639 3278 Troiae:
664 3246 719 3277 nam
752 3228 893 3277 offenditur:
911 3232 934 3279 si
950 3229 1028 3293 dicas,
1047 3231 1256 3294 Ulysseserraoit

219 3322 327 3378 ternpore
352 3317 440 3362 Troiae
456 3323 482 3362 et
499 3317 608 3363 Troiana
625 3316 716 3381 signifi·
743 3321 804 3378 post
821 3317 919 3363 moenia
941 3318 1029 3364 Troiae
1052 3329 1164 3375 eversae,
1185 3313 1255 3363 infla-

219 3410 275 3448 cant
295 3417 332 3448 res
344 3400 469 3462 Troianas,
485 3401 593 3464 inprimis
607 3399 718 3462 ultimas,
752 3409 803 3447 tum
820 3399 910 3449 dixisti.
928 3401 1006 3467 Atque
1027 3400 1072 3448 hoc
1088 3398 1202 3465 loquendi
1215 3416 1256 3465 ge·

221 3485 292 3535 duras
311 3485 367 3535 illas
387 3495 412 3533 et
434 3485 597 3549 calamitosas,
615 3496 720 3552 tempora
752 3502 797 3534 nus
812 3487 933 3536 illustravi
950 3487 981 3534 ad
996 3487 1119 3538 Horatium
1134 3485 1210 3533 Carm.
1228 3485 1254 3548 Ι,

222 3572 332 3621 diuturni
344 3571 405 3619 belli
419 3581 443 3619 et
459 3568 542 3618 urbem
562 3581 662 3637 captam.
684 3571 720 3619 Ci-
753 3574 793 3620 18.
818 3573 910 3621 Placuit
932 3572 1043 3637 inprimis
1054 3572 1162 3632 Lucano,
1180 3570 1256 3620 Sene-

224 3675 277 3708 cero
298 3658 324 3706 in
337 3659 410 3706 Bruto
424 3660 462 3704 10.
488 3656 573 3719 Neque
589 3659 655 3704 enim
671 3659 723 3704 iam
756 3659 804 3722 cis,
820 3658 912 3707 Valerio
922 3657 1012 3720 Flapco.
1026 3657 1189 3705 SenecaHerc.
1203 3657 1254 3706 Oet.

222 3746 322 3794 Troicis
346 3743 493 3808 temporibus
516 3748 614 3789 tautam
635 3743 719 3791 audis
752 3746 790 3793 70.
834 3746 896 3792 Post
911 3743 1001 3805 seros,
1018 3751 1079 3807 post
1104 3744 1180 3806 belia,
1196 3751 1256 3808 post

221 3832 252 3878 irc
264 3831 363 3879 dicendo
382 3831 465 3895 Ulyssi
483 3829 616 3875 tribuisset
636 3829 723 3876 limae-
756 3831 970 3895 Stygiumcaaem.
985 3831 1185 3895 Agamemn.190.
1195 3837 1255 3894 post

223 3930 276 3964 rus.
285 3918 336 3981 lpse
345 3917 454 3964 Horatius
462 3913 535 3963 Caum.
545 3915 619 3977 Las.
634 3914 722 3971 Quare
756 3923 855 3979 tropaea
869 3916 966 3964 Troiae.
981 3916 1053 3980 Epist.
1064 3918 1119 3965 110.
1134 3917 1196 3964 Post
1203 3916 1254 3962 Da-

224 4002 266 4048 oie
286 4004 367 4064 oippeo
382 4003 498 4053 'Troiana
514 4002 590 4061 refixo
607 4002 723 4064 Tempora
756 4003 823 4049 rium
846 4008 872 4048 et
887 4001 960 4050 Indos
972 4017 1068 4067 pauper
1089 4009 1129 4050 est
1143 4002 1254 4048 Aaron·

225 4093 342 4135 testatus.
370 4085 465 4134 Ovidius
482 4087 576 4134 Metam.
594 4087 640 4147 XI,
666 4088 721 4135 758.
756 4088 805 4136 der.
820 4086 877 4136 tide
890 4087 994 4138 Gortium
1007 4087 1036 4137 ad
1048 4087 1137 4136 Lucani
1150 4085 1182 4146 l,
1195 4086 1252 4134 474.
