2752 4844
216 421 237 482 a
360 466 367 479 t
475 417 691 484 uouarn
720 415 967 500 arrsrons

242 622 397 716 Credite,
420 621 575 712 Pisones,
602 621 657 691 isti
681 620 818 695 tabulae
843 623 915 695 fore
938 621 1066 692 librum

214 840 387 891 broukhusium
418 838 450 888 sd
473 838 595 890 Tibullum
623 839 652 908 1,
680 840 705 888 5.
739 841 782 887 mc
805 838 912 903 undique
928 841 1031 888 conato:
1054 845 1083 886 ut
1098 835 1162 887 out.
1178 839 1228 887 He·

214 926 372 976 salsitatis,
741 935 797 975 tam.
823 927 865 989 tt,
894 929 951 976 408.
986 927 1100 989 tenuique
1127 926 1227 973 inducit

245 1010 427 1077 Equidemhanc
435 1013 538 1062 Bentleii
546 1014 704 1061 coniecturam
736 1012 835 1059 brachio
851 1027 942 1076 pessma.
964 1012 1074 1060 Horatius
1097 1014 1226 1062 nominavit

212 1095 309 1145 laudare
323 1115 369 1146 non
383 1116 483 1164 pessum.
501 1099 629 1147 Discrimcn
640 1101 703 1147 inter
735 1107 822 1163 eaput,
839 1101 967 1161 ceros'ccm,
989 1109 1013 1146 et
1030 1108 1158 1147 extremam
1173 1115 1227 1164 par·

206 1185 338 1249 plasmasset
341 1199 437 1247 pammac
445 1184 639 1249 ipsiveteresnon
646 1200 705 1230 sem·
737 1194 800 1246 tem,
820 1186 845 1232 in
861 1200 934 1250 (ausam¹
947 1195 1075 1233 monstrum
1090 1185 1153 1234 illud
1170 1185 1228 1234 defi·

210 1284 254 1334 per
268 1268 437 1332 observarunt,
455 1268 496 1316 sed
517 1269 619 1317 alterum
635 1285 704 1333 saepe
737 1271 787 1332 nit,
799 1271 910 1333 piscem,
926 1270 971 1318 hoc
985 1280 1020 1318 est
1033 1270 1130 1319 caudam
1146 1273 1225 1336 piscis.

210 1370 253 1419 pro
261 1354 336 1401 altero
344 1364 487 1418 posuerunt,
504 1355 547 1403 ubi
556 1355 584 1403 de
593 1364 701 1402 accurata
734 1356 797 1418 Quae
819 1357 882 1403 inter
903 1366 974 1421 capnt
999 1358 1112 1404 cervicem
1130 1365 1154 1404 et
1172 1374 1226 1405 cau-

209 1441 288 1488 arinm
309 1440 466 1506 descriptione
490 1433 536 1489 non
552 1443 639 1506 agitur.
668 1441 704 1488 lta
720 1440 790 1501 ,dam
806 1442 883 1490 media
896 1453 962 1505 sunt,
980 1443 1101 1505 humeros,
1114 1441 1225 1506 brachia,

209 1524 305 1574 Ovidius
320 1526 345 1573 in
358 1524 539 1590 Metamorphosi
555 1543 641 1592 cycnea
656 1543 703 1573 non
736 1537 833 1592 pectus,
847 1528 939 1591 alvum,
954 1546 1035 1594 crura,
1051 1548 1077 1579 ea
1090 1549 1137 1579 non
1153 1533 1227 1578 nomi-

210 1610 356 1675 distinguere
368 1627 414 1658 non
422 1611 509 1675 potuit.
529 1609 566 1657 Sic
578 1609 706 1658 Columella
737 1613 816 1675 navit,
833 1612 873 1660 sed
890 1616 1006 1663 communi
1015 1616 1172 1662 memororum
1185 1633 1226 1663 no·

209 1696 280 1746 delle
289 1697 355 1744 Rust.
367 1696 431 1758 tlll,
440 1700 463 1744 2.
479 1697 702 1744 Galltmssmtm-
735 1699 797 1746 mine
817 1698 951 1763 complexus
971 1710 1014 1750 est.
1043 1703 1105 1750 Haec
1121 1703 1234 1754 memhra.

209 1786 325 1836 bimam
334 1785 588 1846 -oslfcscaeplcmnc,
606 1786 702 1848 nigris·
736 1795 802 1832 erant
818 1787 924 1850 cudimus
939 1789 1043 1852 collato,
1065 1791 1136 1837 sicuti
1151 1796 1225 1853 caput

209 1874 364 1937 qssepemms's.
382 1870 427 1919 Sed
443 1887 495 1918 cum
511 1870 629 1918 Phaedrus
644 1870 699 1919 Fab.
733 1882 836 1920 sumtum
869 1883 919 1920 erat
944 1891 973 1921 ex
990 1891 1086 1940 corpore
1110 1877 1224 1925 formosae

208 1960 234 2021 1,
244 1963 287 2020 12,
297 1957 369 2005 dicit:
384 1957 455 2019 qu‘
465 1963 561 2002 tucrum
570 1971 638 2003 corve
642 1972 703 2019 pm·
734 1957 854 2019 mulieris,
874 1959 954 2005 cervix
973 1976 1001 2006 ex
1024 1976 1097 2025 equa,
1120 1972 1226 2011 extrema

208 2058 296 2092 morum
307 2049 346 2089 cst
361 2042 430 2088 nitor
436 2062 447 2101 ,-
460 2039 537 2088 dicere
548 2041 618 2088 ctiam
633 2051 701 2105 potu·
734 2058 788 2106 pars
804 2060 832 2089 ex
847 2043 918 2107 pisce.
933 2044 1008 2107 Quare
1021 2064 1065 2094 nec
1079 2058 1163 2114 caput,
1180 2064 1224 2096 nec

208 2131 264 2178 isset
275 2130 433 2192 plumarum,
456 2129 512 2192 quia
528 2129 610 2190 nitor,
624 2129 645 2175 si
660 2143 700 2174 ve·
733 2129 828 2190 cervix,
845 2145 888 2176 nec
905 2128 976 2193 pedes
996 2136 1094 2183 monstri
1108 2134 1224 2182 membris

208 2232 261 2265 rum
278 2216 383 2280 quaeris,
399 2231 445 2262 non
463 2224 498 2262 est
513 2215 539 2264 in
551 2213 699 2277 pemmis‘scd
731 2215 783 2262 istis
815 2214 920 2279 undique
946 2218 1039 2267 collatis
1062 2221 1222 2269 continentur.

207 2303 342 2368 inplumes.
357 2302 469 2365 Quoniam
479 2317 534 2347 vero
547 2302 617 2348 miter
625 2301 698 2364 magis
730 2301 854 2349 Praeterea
878 2310 964 2366 caput,
989 2306 1011 2352 si
1034 2322 1087 2354 cum
1109 2307 1224 2354 meandris

208 2391 235 2440 in
259 2390 362 2455 plumis,
385 2404 427 2451 per
451 2403 540 2450 pennas
561 2386 698 2449 explicatis,
734 2388 885 2433 coniunctum
907 2386 1009 2450 legitur,
1034 2390 1106 2455 probe
1122 2409 1136 2438 a
1152 2408 1224 2439 mem·

208 2474 301 2536 elucet,
317 2475 438 2538 ingeniose
452 2487 589 2535 pennarum
605 2482 700 2536 praetn·
731 2470 781 2520 bris
798 2471 969 2536 distinguitur,
993 2483 1017 2521 et
1034 2475 1116 2524 dubito
1135 2493 1165 2524 an
1180 2478 1225 2525 La·

125 2598 129 2607 .
206 2564 246 2614 lit.
268 2562 334 2628 Quod
354 2561 425 2610 multi
446 2563 587 2628 interpretes
609 2563 700 2611 Horatii
733 2564 782 2610 tine
793 2562 895 2610 dicatur:
912 2571 985 2626 caput
995 2570 1033 2611 est
1043 2565 1224 2612 mobilissimum

203 2653 303 2718 plumas
318 2666 360 2715 pro
374 2650 425 2696 atis
439 2665 562 2713 accepere,
576 2649 621 2698 hoc
636 2649 698 2698 nihil
732 2652 835 2698 humani
865 2652 973 2713 corporis
1003 2652 1147 2714 membrum,
1180 2669 1223 2716 pro

207 2737 238 2786 ad
260 2737 381 2802 vulgatam
404 2735 530 2785 lectionem
562 2738 700 2787 mutandam
731 2740 887 2787 stabilissima
904 2754 975 2801 pars.
1007 2737 1045 2785 Sic
1069 2737 1133 2803 apud
1157 2738 1224 2789 Ouid.

208 2823 287 2872 valere
307 2822 387 2872 dehet.
410 2823 527 2871 Inducere
542 2826 641 2888 aliquid
660 2827 700 2872 rcs'
731 2826 824 2872 Metam.
841 2824 891 2885 tlt,
907 2825 961 2871 720.
987 2821 1090 2872 Bacchae
1115 2825 1224 2874 furentes

209 2912 328 2978 significat
357 2909 455 2973 aliquid
474 2911 560 2962 ducere
581 2914 609 2959 s'm
634 2928 699 2976 rems,
733 2911 837 2961 Pentheo
857 2910 976 2960 abstulere
993 2912 1106 2958 deutrum
1119 2921 1143 2958 et
1159 2913 1224 2959 sisss'·

209 3001 244 3048 ita
257 3008 285 3046 ut
294 2995 356 3045 illud
368 2996 496 3045 inductum
509 2999 637 3047 arctissime
646 3016 699 3047 cunr
731 3008 823 3063 strum,
834 3001 968 3050 etbraclss'o
973 3018 982 3047 :
989 2998 1107 3048 Pentheus
1121 2998 1225 3047 ostendit

208 3102 235 3136 rc
257 3083 389 3133 cohaereat.
412 3081 477 3130 Idem
499 3094 534 3132 est
550 3086 699 3149 perdocere,
732 3086 848 3134 dissectis
860 3102 959 3151 corporo
969 3087 1095 3146 membres·
1111 3095 1163 3132 tum
1176 3100 1224 3131 ma-

209 3171 304 3238 proprie
317 3169 402 3216 ducere
414 3170 513 3232 aliquid
519 3187 567 3235 per
582 3187 640 3220 rems.
659 3172 702 3219 La·
734 3180 771 3219 ter
799 3170 903 3219 Pentheo
927 3179 1001 3236 capnt
1020 3173 1123 3220 cculm't
1148 3171 1224 3234 Quare

210 3258 261 3311 tine
275 3249 385 3316 dicimus,
399 3264 428 3302 ut
440 3256 517 3305 Ovidii
530 3258 612 3307 eodem
625 3276 702 3308 exem·
726 3260 812 3321 facies
824 3260 952 3322 mulieris,
970 3258 1046 3306 cervix
1058 3265 1082 3304 et
1095 3254 1224 3304 candanon

154 3343 156 3347 ’
210 3344 598 3410 plouta13s'ssvcsscass'nductoe
612 3361 700 3393 aurum
732 3347 865 3394 vestiuntur
882 3345 982 3410 plumis,
998 3341 1038 3392 sed
1059 3343 1180 3405 membro,
1197 3343 1224 3391 in

159 3448 163 3458 ¹
210 3431 337 3491 coraibus,
354 3437 379 3476 et
394 3428 612 3478 inductaccosmca
626 3447 699 3491 curm
732 3431 810 3480 medio
826 3433 914 3496 posita,
930 3431 1072 3479 vestiuntur.
1094 3427 1139 3476 Sed
1151 3430 1223 3478 resti·

210 3533 299 3567 sunem
321 3516 433 3563 cornibus
447 3514 592 3578 inductum,
610 3525 635 3564 et
650 3532 701 3564 cor·
732 3526 809 3565 antur.
826 3514 915 3564 Tabula
930 3517 977 3564 iam
993 3529 1055 3561 nunc
1070 3512 1128 3561 adeo
1144 3511 1223 3578 prodi-

210 3620 260 3654 sssm
276 3618 337 3651 curo
350 3601 470 3650 inducta:
490 3602 553 3669 quod
576 3621 623 3651 non
638 3605 701 3669 cogi·
733 3605 796 3669 giosa
810 3611 845 3650 est
859 3612 883 3650 et
896 3601 983 3662 stulta,
996 3608 1024 3647 ut
1037 3597 1128 3663 aliquid
1141 3599 1223 3663 paullo

212 3688 280 3738 tshat
295 3689 404 3736 Heinsius
427 3686 457 3735 ad
475 3687 551 3736 Ovidii
571 3689 632 3738 Fast.
650 3689 700 3752 111,
733 3691 807 3753 magis
830 3687 988 3753 prodigiosum
1014 3694 1038 3732 et
1061 3683 1162 3732 stultum
1186 3686 1223 3734 of·

212 3775 416 3835 testimonique
438 3773 553 3821 inducere
567 3781 699 3822 mmsstrat.
733 3772 829 3821 tendere
851 3789 899 3820 non
922 3772 1003 3836 possit.
1027 3769 1101 3836 Caput
1122 3780 1147 3818 et
1171 3780 1222 3819 tota

212 3859 470 3925 Hs'cpnretmom'ts‘s‚
487 3859 700 3906 etlims'torctuto.
734 3857 820 3919 facies,
840 3857 937 3919 plumis
959 3855 1076 3919 obducto,
1100 3872 1147 3904 non
1172 3871 1220 3903 csse

210 3948 320 3999 Heinsius
339 3944 443 3996 malebat
467 3948 578 4009 limoque.
608 3946 700 3991 Utrum·
731 3951 809 4008 potest
833 3943 941 3990 formosa.
970 3941 1087 3990 cervicem
1112 3944 1220 4007 equinam

210 4057 257 4111 que
277 4049 352 4090 recte.
362 4039 402 4086 m
418 4035 529 4087 Horatius
540 4031 643 4082 scribere
659 4047 701 4096 pe
732 4039 810 4078 tamen
826 4038 851 4076 et
871 4028 969 4079 eandam
986 4039 1104 4097 spectator
1124 4044 1152 4076 ex
1168 4029 1220 4091 ipsa

210 4129 307 4180 subet:
319 4119 699 4183 ocss's'ss'nducsrsplssms'smem-
729 4115 807 4180 figura
816 4126 959 4180 cognoscet,
976 4118 1082 4166 etiamsi
1096 4124 1147 4164 tota
1165 4131 1220 4163 cau·
