<?xml version="1.0" encoding="UTF-8"?>
<!DOCTYPE html PUBLIC "-//W3C//DTD XHTML 1.0 Transitional//EN"
    "http://www.w3.org/TR/xhtml1/DTD/xhtml1-transitional.dtd">
<html xmlns="http://www.w3.org/1999/xhtml" xml:lang="en" lang="en">
 <head>
  <title>
</title>
<meta http-equiv="Content-Type" content="text/html;charset=utf-8" />
  <meta name='ocr-system' content='tesseract 3.04.00' />
  <meta name='ocr-capabilities' content='ocr_page ocr_carea ocr_par ocr_line ocrx_word'/>
</head>
<body>
  <div class='ocr_page' id='page_1' title='image "./qhoratiiflaccie01horagoog_0104.png"; bbox 0 0 2752 4844; ppageno 0'>
   <div class='ocr_carea' id='block_1_1' title="bbox 501 384 810 444">
    <p class='ocr_par' dir='ltr' id='par_1_1' title="bbox 501 384 810 444">
     <span class='ocr_line' id='line_1_1' title="bbox 501 384 810 444; baseline -0.003 0"><span class='ocrx_word' id='word_1_1' title='bbox 501 384 560 444; x_wconf 76' lang='lat' dir='ltr'>Ao</span> <span class='ocrx_word' id='word_1_2' title='bbox 592 384 810 444; x_wconf 85' lang='lat' dir='ltr'><strong>PISONES.</strong></span> 
     </span>
    </p>
   </div>
   <div class='ocr_carea' id='block_1_2' title="bbox 170 584 1071 1039">
    <p class='ocr_par' dir='ltr' id='par_1_2' title="bbox 170 584 1071 1039">
     <span class='ocr_line' id='line_1_2' title="bbox 171 584 1047 680; baseline -0.002 -26"><span class='ocrx_word' id='word_1_3' title='bbox 171 584 352 672; x_wconf 69' lang='lat' dir='ltr'>Defendet,</span> <span class='ocrx_word' id='word_1_4' title='bbox 376 586 548 680; x_wconf 88' lang='lat' dir='ltr'>neuquid</span> <span class='ocrx_word' id='word_1_5' title='bbox 573 586 702 657; x_wconf 83' lang='lat' dir='ltr'>medios</span> <span class='ocrx_word' id='word_1_6' title='bbox 728 585 905 656; x_wconf 89' lang='lat' dir='ltr'>intercinat</span> <span class='ocrx_word' id='word_1_7' title='bbox 930 592 1047 672; x_wconf 84' lang='lat' dir='ltr'>actus,</span> 
     </span>
     <span class='ocr_line' id='line_1_3' title="bbox 170 704 1071 799; baseline -0.004 -26"><span class='ocrx_word' id='word_1_8' title='bbox 170 704 270 791; x_wconf 82' lang='lat' dir='ltr'>Quod</span> <span class='ocrx_word' id='word_1_9' title='bbox 292 728 362 774; x_wconf 90' lang='lat' dir='ltr'>non</span> <span class='ocrx_word' id='word_1_10' title='bbox 385 706 558 799; x_wconf 87' lang='lat' dir='ltr'>proposito</span> <span class='ocrx_word' id='word_1_11' title='bbox 580 705 747 776; x_wconf 87' lang='lat' dir='ltr'>conducat</span> <span class='ocrx_word' id='word_1_12' title='bbox 772 713 806 774; x_wconf 88' lang='lat' dir='ltr'>et</span> <span class='ocrx_word' id='word_1_13' title='bbox 825 704 959 773; x_wconf 85' lang='lat' dir='ltr'>haereat</span> <span class='ocrx_word' id='word_1_14' title='bbox 985 709 1071 797; x_wconf 83' lang='lat' dir='ltr'><strong>apte.</strong></span> 
     </span>
     <span class='ocr_line' id='line_1_4' title="bbox 171 822 991 918; baseline 0 -26"><span class='ocrx_word' id='word_1_15' title='bbox 171 822 233 893; x_wconf 88' lang='lat' dir='ltr'>lllc</span> <span class='ocrx_word' id='word_1_16' title='bbox 259 823 356 894; x_wconf 83' lang='lat' dir='ltr'>bonis</span> <span class='ocrx_word' id='word_1_17' title='bbox 381 825 555 918; x_wconf 83' lang='lat' dir='ltr'>foveatque</span> <span class='ocrx_word' id='word_1_18' title='bbox 588 832 622 894; x_wconf 92' lang='lat' dir='ltr'>et</span> <span class='ocrx_word' id='word_1_19' title='bbox 650 825 844 895; x_wconf 78' lang='lat' dir='ltr'>consilietur</span> <span class='ocrx_word' id='word_1_20' title='bbox 869 823 991 908; x_wconf 68' lang='lat' dir='ltr'>amice,</span> 
     </span>
     <span class='ocr_line' id='line_1_5' title="bbox 171 941 994 1039; baseline -0.001 -29"><span class='ocrx_word' id='word_1_21' title='bbox 171 941 212 1010; x_wconf 87' lang='lat' dir='ltr'>Et</span> <span class='ocrx_word' id='word_1_22' title='bbox 232 952 325 1035; x_wconf 79' lang='lat' dir='ltr'>regat</span> <span class='ocrx_word' id='word_1_23' title='bbox 347 945 466 1034; x_wconf 72' lang='lat' dir='ltr'>iratoS,</span> <span class='ocrx_word' id='word_1_24' title='bbox 492 952 526 1014; x_wconf 86' lang='lat' dir='ltr'>et</span> <span class='ocrx_word' id='word_1_25' title='bbox 548 952 636 1014; x_wconf 85' lang='lat' dir='ltr'>amet</span> <span class='ocrx_word' id='word_1_26' title='bbox 656 966 796 1039; x_wconf 87' lang='lat' dir='ltr'>peccare</span> <span class='ocrx_word' id='word_1_27' title='bbox 820 943 994 1026; x_wconf 55' lang='lat' dir='ltr'>timentem</span> 
     </span>
    </p>
   </div>
   <div class='ocr_carea' id='block_1_3' title="bbox 138 1160 1173 1412">
    <p class='ocr_par' dir='ltr' id='par_1_3' title="bbox 138 1160 1173 1412">
     <span class='ocr_line' id='line_1_6' title="bbox 138 1160 1172 1225; baseline -0.005 -11"><span class='ocrx_word' id='word_1_28' title='bbox 138 1166 231 1215; x_wconf 78' lang='lat' dir='ltr'>crambe</span> <span class='ocrx_word' id='word_1_29' title='bbox 248 1178 349 1216; x_wconf 87' lang='lat' dir='ltr'>recocta.</span> <span class='ocrx_word' id='word_1_30' title='bbox 368 1168 415 1217; x_wconf 87' lang='lat' dir='ltr'>Sed</span> <span class='ocrx_word' id='word_1_31' title='bbox 429 1170 523 1216; x_wconf 88' lang='lat' dir='ltr'>lroniae</span> <span class='ocrx_word' id='word_1_32' title='bbox 540 1167 640 1216; x_wconf 90' lang='lat' dir='ltr'>hicnon</span> <span class='ocrx_word' id='word_1_33' title='bbox 673 1170 729 1216; x_wconf 80' lang='lat' dir='ltr'>toni</span> <span class='ocrx_word' id='word_1_34' title='bbox 749 1169 857 1215; x_wconf 66' lang='lat' dir='ltr'>certetis</span> <span class='ocrx_word' id='word_1_35' title='bbox 877 1181 972 1225; x_wconf 84' lang='lat' dir='ltr'>amoro,·</span> <span class='ocrx_word' id='word_1_36' title='bbox 993 1167 1031 1212; x_wconf 81' lang='lat' dir='ltr'>Tu</span> <span class='ocrx_word' id='word_1_37' title='bbox 1046 1164 1117 1210; x_wconf 75' lang='lat' dir='ltr'>esitii</span> <span class='ocrx_word' id='word_1_38' title='bbox 1129 1160 1172 1210; x_wconf 77' lang='lat' dir='ltr'>ad·</span> 
     </span>
     <span class='ocr_line' id='line_1_7' title="bbox 140 1247 1173 1320; baseline -0.004 -20"><span class='ocrx_word' id='word_1_39' title='bbox 140 1263 176 1300; x_wconf 88' lang='lat' dir='ltr'>est</span> <span class='ocrx_word' id='word_1_40' title='bbox 192 1253 265 1302; x_wconf 87' lang='lat' dir='ltr'>locus.</span> <span class='ocrx_word' id='word_1_41' title='bbox 283 1255 398 1316; x_wconf 80' lang='lat' dir='ltr'>Unicum,</span> <span class='ocrx_word' id='word_1_42' title='bbox 418 1255 482 1320; x_wconf 86' lang='lat' dir='ltr'>quod</span> <span class='ocrx_word' id='word_1_43' title='bbox 498 1254 559 1302; x_wconf 87' lang='lat' dir='ltr'>mihi</span> <span class='ocrx_word' id='word_1_44' title='bbox 574 1257 641 1302; x_wconf 89' lang='lat' dir='ltr'>inno·</span> <span class='ocrx_word' id='word_1_45' title='bbox 673 1255 764 1301; x_wconf 79' lang='lat' dir='ltr'>mittas</span> <span class='ocrx_word' id='word_1_46' title='bbox 778 1255 807 1301; x_wconf 76' lang='lat' dir='ltr'>ies</span> <span class='ocrx_word' id='word_1_47' title='bbox 821 1260 858 1315; x_wconf 88' lang='lat' dir='ltr'>te,</span> <span class='ocrx_word' id='word_1_48' title='bbox 864 1253 1004 1313; x_wconf 83' lang='lat' dir='ltr'>formidine</span> <span class='ocrx_word' id='word_1_49' title='bbox 1012 1265 1113 1314; x_wconf 79' lang='lat' dir='ltr'>poenae.</span> <span class='ocrx_word' id='word_1_50' title='bbox 1127 1247 1173 1296; x_wconf 87' lang='lat' dir='ltr'>Ubi</span> 
     </span>
     <span class='ocr_line' id='line_1_8' title="bbox 139 1338 1172 1412; baseline -0.003 -27"><span class='ocrx_word' id='word_1_51' title='bbox 139 1339 188 1385; x_wconf 85' lang='lat' dir='ltr'>tuit</span> <span class='ocrx_word' id='word_1_52' title='bbox 200 1339 392 1404; x_wconf 82' lang='lat' dir='ltr'>exemplum,est</span> <span class='ocrx_word' id='word_1_53' title='bbox 401 1340 475 1388; x_wconf 73' lang='lat' dir='ltr'>Asinii</span> <span class='ocrx_word' id='word_1_54' title='bbox 488 1339 600 1387; x_wconf 87' lang='lat' dir='ltr'>Pollionis</span> <span class='ocrx_word' id='word_1_55' title='bbox 612 1341 639 1387; x_wconf 89' lang='lat' dir='ltr'>iu</span> <span class='ocrx_word' id='word_1_56' title='bbox 671 1338 743 1402; x_wconf 89' lang='lat' dir='ltr'>boni,</span> <span class='ocrx_word' id='word_1_57' title='bbox 766 1343 802 1412; x_wconf 67' lang='lat' dir='ltr'>‘ut</span> <span class='ocrx_word' id='word_1_58' title='bbox 824 1338 907 1400; x_wconf 85' lang='lat' dir='ltr'>vides,</span> <span class='ocrx_word' id='word_1_59' title='bbox 933 1338 1036 1386; x_wconf 81' lang='lat' dir='ltr'>oderunt</span> <span class='ocrx_word' id='word_1_60' title='bbox 1052 1349 1172 1399; x_wconf 83' lang='lat' dir='ltr'>peccare:</span> 
     </span>
    </p>
   </div>
   <div class='ocr_carea' id='block_1_4' title="bbox 136 1422 1257 1498">
    <p class='ocr_par' dir='ltr' id='par_1_4' title="bbox 136 1422 1257 1498">
     <span class='ocr_line' id='line_1_9' title="bbox 136 1422 1257 1498; baseline -0.004 -28"><span class='ocrx_word' id='word_1_61' title='bbox 136 1424 240 1495; x_wconf 77' lang='lat' dir='ltr'>Epistola</span> <span class='ocrx_word' id='word_1_62' title='bbox 253 1424 283 1472; x_wconf 85' lang='lat' dir='ltr'>ad</span> <span class='ocrx_word' id='word_1_63' title='bbox 291 1425 425 1474; x_wconf 87' lang='lat' dir='ltr'>Ciceronem</span> <span class='ocrx_word' id='word_1_64' title='bbox 438 1427 468 1474; x_wconf 85' lang='lat' dir='ltr'>X.</span> <span class='ocrx_word' id='word_1_65' title='bbox 484 1425 515 1473; x_wconf 81' lang='lat' dir='ltr'>acl</span> <span class='ocrx_word' id='word_1_66' title='bbox 531 1426 582 1474; x_wconf 84' lang='lat' dir='ltr'>Div.</span> <span class='ocrx_word' id='word_1_67' title='bbox 594 1427 635 1474; x_wconf 78' lang='lat'>32.</span> <span class='ocrx_word' id='word_1_68' title='bbox 670 1442 741 1490; x_wconf 84' lang='lat' dir='ltr'>prava</span> <span class='ocrx_word' id='word_1_69' title='bbox 757 1443 812 1474; x_wconf 87' lang='lat' dir='ltr'>vero</span> <span class='ocrx_word' id='word_1_70' title='bbox 826 1434 851 1473; x_wconf 88' lang='lat' dir='ltr'>et</span> <span class='ocrx_word' id='word_1_71' title='bbox 862 1423 958 1473; x_wconf 82' lang='lat' dir='ltr'>servilia</span> <span class='ocrx_word' id='word_1_72' title='bbox 971 1423 1068 1498; x_wconf 75' lang='lat' dir='ltr'>ingenia</span> <span class='ocrx_word' id='word_1_73' title='bbox 1081 1422 1172 1468; x_wconf 82' lang='lat' dir='ltr'>timent</span> <span class='ocrx_word' id='word_1_74' title='bbox 1254 1475 1257 1486; x_wconf 28' lang='grc' dir='ltr'><strong><em>Δ</em></strong></span> 
     </span>
    </p>
   </div>
   <div class='ocr_carea' id='block_1_5' title="bbox 61 1509 1172 2346">
    <p class='ocr_par' dir='ltr' id='par_1_5' title="bbox 133 1509 1172 2089">
     <span class='ocr_line' id='line_1_10' title="bbox 136 1509 1170 1576; baseline -0.002 -20"><span class='ocrx_word' id='word_1_75' title='bbox 136 1510 216 1557; x_wconf 77' lang='lat' dir='ltr'>Ludis</span> <span class='ocrx_word' id='word_1_76' title='bbox 238 1519 398 1574; x_wconf 73' lang='lat' dir='ltr'><strong><em>praetextam</em></strong></span> <span class='ocrx_word' id='word_1_77' title='bbox 422 1513 451 1560; x_wconf 85' lang='lat' dir='ltr'>de</span> <span class='ocrx_word' id='word_1_78' title='bbox 474 1528 518 1559; x_wconf 81' lang='lat' dir='ltr'>suo</span> <span class='ocrx_word' id='word_1_79' title='bbox 542 1513 638 1559; x_wconf 81' lang='lat' dir='ltr'>itinere</span> <span class='ocrx_word' id='word_1_80' title='bbox 665 1527 781 1576; x_wconf 83' lang='lat' dir='ltr'>peccare:</span> <span class='ocrx_word' id='word_1_81' title='bbox 797 1511 852 1559; x_wconf 89' lang='lat' dir='ltr'>illos</span> <span class='ocrx_word' id='word_1_82' title='bbox 867 1526 935 1558; x_wconf 87' lang='lat' dir='ltr'>umor</span> <span class='ocrx_word' id='word_1_83' title='bbox 947 1510 1056 1557; x_wconf 77' lang='lat' dir='ltr'>virtutis</span> <span class='ocrx_word' id='word_1_84' title='bbox 1066 1509 1170 1570; x_wconf 89' lang='lat' dir='ltr'>retinet,</span> 
     </span>
     <span class='ocr_line' id='line_1_11' title="bbox 134 1592 1172 1662; baseline -0.002 -19"><span class='ocrx_word' id='word_1_85' title='bbox 134 1596 311 1645; x_wconf 59' lang='lat' dir='ltr'>adlectationi</span> <span class='ocrx_word' id='word_1_86' title='bbox 321 1600 489 1661; x_wconf 60' lang='lat' dir='ltr'>processoriam</span> <span class='ocrx_word' id='word_1_87' title='bbox 501 1599 637 1645; x_wconf 80' lang='lat' dir='ltr'>sollicitan-</span> <span class='ocrx_word' id='word_1_88' title='bbox 670 1597 712 1645; x_wconf 87' lang='lat' dir='ltr'>hos</span> <span class='ocrx_word' id='word_1_89' title='bbox 732 1612 825 1662; x_wconf 82' lang='lat' dir='ltr'>poenae</span> <span class='ocrx_word' id='word_1_90' title='bbox 839 1597 952 1658; x_wconf 73' lang='lat' dir='ltr'>somniate</span> <span class='ocrx_word' id='word_1_91' title='bbox 976 1603 1076 1642; x_wconf 88' lang='lat' dir='ltr'>coercet.</span> <span class='ocrx_word' id='word_1_92' title='bbox 1110 1592 1172 1656; x_wconf 81' lang='lat' dir='ltr'>Quid</span> 
     </span>
     <span class='ocr_line' id='line_1_12' title="bbox 134 1679 1171 1748; baseline -0.003 -19"><span class='ocrx_word' id='word_1_93' title='bbox 134 1683 192 1729; x_wconf 81' lang='lat' dir='ltr'>dum</span> <span class='ocrx_word' id='word_1_94' title='bbox 212 1685 315 1746; x_wconf 78' lang='lat' dir='ltr'>posuit:</span> <span class='ocrx_word' id='word_1_95' title='bbox 340 1683 404 1748; x_wconf 87' lang='lat' dir='ltr'>quod</span> <span class='ocrx_word' id='word_1_96' title='bbox 425 1699 478 1731; x_wconf 87' lang='lat' dir='ltr'>cum</span> <span class='ocrx_word' id='word_1_97' title='bbox 499 1683 560 1746; x_wconf 89' lang='lat' dir='ltr'>alii,</span> <span class='ocrx_word' id='word_1_98' title='bbox 585 1693 637 1731; x_wconf 89' lang='lat' dir='ltr'>tum</span> <span class='ocrx_word' id='word_1_99' title='bbox 670 1684 743 1748; x_wconf 75' lang='lat' dir='ltr'>ergo?</span> <span class='ocrx_word' id='word_1_100' title='bbox 759 1681 858 1730; x_wconf 88' lang='lat' dir='ltr'>lubesne</span> <span class='ocrx_word' id='word_1_101' title='bbox 872 1691 900 1729; x_wconf 92' lang='lat' dir='ltr'>ut</span> <span class='ocrx_word' id='word_1_102' title='bbox 913 1681 955 1729; x_wconf 87' lang='lat' dir='ltr'>hos</span> <span class='ocrx_word' id='word_1_103' title='bbox 969 1679 1053 1728; x_wconf 84' lang='lat' dir='ltr'>chorus</span> <span class='ocrx_word' id='word_1_104' title='bbox 1069 1688 1132 1727; x_wconf 85' lang='lat' dir='ltr'>emet</span> <span class='ocrx_word' id='word_1_105' title='bbox 1145 1688 1171 1727; x_wconf 89' lang='lat' dir='ltr'>et</span> 
     </span>
     <span class='ocr_line' id='line_1_13' title="bbox 134 1763 1170 1833; baseline -0.002 -19"><span class='ocrx_word' id='word_1_106' title='bbox 134 1766 312 1833; x_wconf 85' lang='lat' dir='ltr'>Oudendorpius</span> <span class='ocrx_word' id='word_1_107' title='bbox 325 1768 356 1816; x_wconf 88' lang='lat' dir='ltr'>ad</span> <span class='ocrx_word' id='word_1_108' title='bbox 368 1769 477 1817; x_wconf 87' lang='lat' dir='ltr'>Suetonii</span> <span class='ocrx_word' id='word_1_109' title='bbox 486 1768 600 1816; x_wconf 81' lang='lat' dir='ltr'><strong>Othonem</strong></span> <span class='ocrx_word' id='word_1_110' title='bbox 608 1772 632 1818; x_wconf 81' lang='lat'>7.</span> <span class='ocrx_word' id='word_1_111' title='bbox 666 1767 765 1818; x_wconf 71' lang='lat' dir='ltr'>laudet?</span> <span class='ocrx_word' id='word_1_112' title='bbox 777 1767 851 1832; x_wconf 79' lang='lat' dir='ltr'>Quid,</span> <span class='ocrx_word' id='word_1_113' title='bbox 866 1766 930 1833; x_wconf 84' lang='lat' dir='ltr'>quod</span> <span class='ocrx_word' id='word_1_114' title='bbox 939 1768 1017 1831; x_wconf 90' lang='lat' dir='ltr'>ipsum</span> <span class='ocrx_word' id='word_1_115' title='bbox 1028 1763 1090 1813; x_wconf 86' lang='lat' dir='ltr'>illud</span> <span class='ocrx_word' id='word_1_116' title='bbox 1103 1771 1170 1812; x_wconf 77' lang='lat' dir='ltr'>acret</span> 
     </span>
     <span class='ocr_line' id='line_1_14' title="bbox 134 1837 1167 1919; baseline -0.004 -19"><span class='ocrx_word' id='word_1_117' title='bbox 134 1855 324 1918; x_wconf 79' lang='lat' dir='ltr'>interpretantur</span> <span class='ocrx_word' id='word_1_118' title='bbox 356 1837 475 1919; x_wconf 77' lang='lat' dir='ltr'>egendem</span> <span class='ocrx_word' id='word_1_119' title='bbox 512 1843 635 1903; x_wconf 64' lang='lat' dir='ltr'>exhibuit.</span> <span class='ocrx_word' id='word_1_120' title='bbox 668 1856 738 1902; x_wconf 85' lang='lat' dir='ltr'>nimis</span> <span class='ocrx_word' id='word_1_121' title='bbox 762 1856 831 1918; x_wconf 88' lang='lat' dir='ltr'>inops</span> <span class='ocrx_word' id='word_1_122' title='bbox 852 1862 877 1901; x_wconf 92' lang='lat' dir='ltr'>et</span> <span class='ocrx_word' id='word_1_123' title='bbox 899 1851 1038 1918; x_wconf 81' lang='lat' dir='ltr'>languidum</span> <span class='ocrx_word' id='word_1_124' title='bbox 1056 1849 1167 1907; x_wconf 84' lang='lat' dir='ltr'>videtur;</span> 
     </span>
     <span class='ocr_line' id='line_1_15' title="bbox 133 1933 1171 2006; baseline -0.003 -20"><span class='ocrx_word' id='word_1_125' title='bbox 133 1937 240 1986; x_wconf 65' lang='lat' dir='ltr'>Consum</span> <span class='ocrx_word' id='word_1_126' title='bbox 261 1940 389 1988; x_wconf 86' lang='lat' dir='ltr'>locutionis</span> <span class='ocrx_word' id='word_1_127' title='bbox 409 1957 456 1988; x_wconf 93' lang='lat' dir='ltr'>non</span> <span class='ocrx_word' id='word_1_128' title='bbox 477 1933 635 1990; x_wconf 32' lang='lat' dir='ltr'>recte&#39;intel·</span> <span class='ocrx_word' id='word_1_129' title='bbox 667 1957 744 2006; x_wconf 84' lang='lat' dir='ltr'>neque</span> <span class='ocrx_word' id='word_1_130' title='bbox 766 1941 865 2005; x_wconf 81' lang='lat' dir='ltr'>attingit</span> <span class='ocrx_word' id='word_1_131' title='bbox 889 1938 919 1988; x_wconf 86' lang='lat' dir='ltr'>ad</span> <span class='ocrx_word' id='word_1_132' title='bbox 940 1939 1083 1987; x_wconf 83' lang='lat' dir='ltr'>felicitatem</span> <span class='ocrx_word' id='word_1_133' title='bbox 1098 1937 1171 1984; x_wconf 88' lang='lat' dir='ltr'>Hora·</span> 
     </span>
     <span class='ocr_line' id='line_1_16' title="bbox 134 2022 1171 2089; baseline 0 -19"><span class='ocrx_word' id='word_1_134' title='bbox 134 2023 210 2089; x_wconf 83' lang='lat' dir='ltr'>ligere</span> <span class='ocrx_word' id='word_1_135' title='bbox 228 2027 367 2075; x_wconf 74' lang='lat' dir='ltr'>meiateor.</span> <span class='ocrx_word' id='word_1_136' title='bbox 587 2038 589 2043; x_wconf 84' lang='lat'>·</span> <span class='ocrx_word' id='word_1_137' title='bbox 670 2027 767 2074; x_wconf 84' lang='lat' dir='ltr'>tiaram.</span> <span class='ocrx_word' id='word_1_138' title='bbox 786 2026 903 2089; x_wconf 83' lang='lat' dir='ltr'>Praecipit</span> <span class='ocrx_word' id='word_1_139' title='bbox 920 2026 997 2085; x_wconf 92' lang='lat' dir='ltr'>enim,</span> <span class='ocrx_word' id='word_1_140' title='bbox 1015 2022 1073 2089; x_wconf 84' lang='lat' dir='ltr'>quid</span> <span class='ocrx_word' id='word_1_141' title='bbox 1087 2022 1171 2070; x_wconf 87' lang='lat' dir='ltr'>chorus</span> 
     </span>
    </p>

    <p class='ocr_par' dir='ltr' id='par_1_6' title="bbox 61 2107 1171 2346">
     <span class='ocr_line' id='line_1_17' title="bbox 166 2107 1171 2176; baseline -0.002 -18"><span class='ocrx_word' id='word_1_142' title='bbox 166 2112 309 2158; x_wconf 76' lang='lat' dir='ltr'>Intertinut</span> <span class='ocrx_word' id='word_1_143' title='bbox 328 2119 407 2160; x_wconf 79' lang='lat' dir='ltr'>actes.</span> <span class='ocrx_word' id='word_1_144' title='bbox 430 2111 544 2160; x_wconf 89' lang='lat' dir='ltr'>Nonnulli</span> <span class='ocrx_word' id='word_1_145' title='bbox 565 2109 634 2160; x_wconf 83' lang='lat' dir='ltr'>codd.</span> <span class='ocrx_word' id='word_1_146' title='bbox 670 2110 748 2173; x_wconf 84' lang='lat' dir='ltr'>dicat,</span> <span class='ocrx_word' id='word_1_147' title='bbox 773 2129 820 2159; x_wconf 91' lang='lat' dir='ltr'>nou</span> <span class='ocrx_word' id='word_1_148' title='bbox 842 2109 901 2176; x_wconf 86' lang='lat' dir='ltr'>quid</span> <span class='ocrx_word' id='word_1_149' title='bbox 916 2111 1017 2166; x_wconf 87' lang='lat' dir='ltr'>sentiat;</span> <span class='ocrx_word' id='word_1_150' title='bbox 1044 2107 1102 2174; x_wconf 80' lang='lat' dir='ltr'>quid</span> <span class='ocrx_word' id='word_1_151' title='bbox 1118 2108 1171 2156; x_wconf 89' lang='lat' dir='ltr'>lau·</span> 
     </span>
     <span class='ocr_line' id='line_1_18' title="bbox 61 2193 1169 2258; baseline -0.002 -14"><span class='ocrx_word' id='word_1_152' title='bbox 61 2250 64 2256; x_wconf 47' lang='grc'><em>,</em></span> <span class='ocrx_word' id='word_1_153' title='bbox 131 2198 278 2245; x_wconf 79' lang='lat' dir='ltr'>intercidet.</span> <span class='ocrx_word' id='word_1_154' title='bbox 294 2197 504 2245; x_wconf 86' lang='lat' dir='ltr'>Librarioscilicet</span> <span class='ocrx_word' id='word_1_155' title='bbox 518 2199 543 2244; x_wconf 90' lang='lat' dir='ltr'>iu</span> <span class='ocrx_word' id='word_1_156' title='bbox 556 2207 634 2244; x_wconf 90' lang='lat' dir='ltr'>mente</span> <span class='ocrx_word' id='word_1_157' title='bbox 668 2195 722 2258; x_wconf 85' lang='lat' dir='ltr'>det,</span> <span class='ocrx_word' id='word_1_158' title='bbox 748 2199 788 2244; x_wconf 88' lang='lat' dir='ltr'>cui</span> <span class='ocrx_word' id='word_1_159' title='bbox 811 2197 941 2255; x_wconf 81' lang='lat' dir='ltr'>faveatet</span> <span class='ocrx_word' id='word_1_160' title='bbox 965 2195 1088 2243; x_wconf 86' lang='lat' dir='ltr'>consilinm</span> <span class='ocrx_word' id='word_1_161' title='bbox 1111 2193 1169 2257; x_wconf 82' lang='lat' dir='ltr'>(let,</span> 
     </span>
     <span class='ocr_line' id='line_1_19' title="bbox 130 2280 1169 2346; baseline 0 -18"><span class='ocrx_word' id='word_1_162' title='bbox 130 2280 245 2329; x_wconf 85' lang='lat' dir='ltr'>haerebat</span> <span class='ocrx_word' id='word_1_163' title='bbox 261 2281 404 2345; x_wconf 83' lang='lat' dir='ltr'>praecedens</span> <span class='ocrx_word' id='word_1_164' title='bbox 420 2282 551 2330; x_wconf 78' lang='lat' dir='ltr'>inciderit.</span> <span class='ocrx_word' id='word_1_165' title='bbox 666 2299 713 2329; x_wconf 93' lang='lat' dir='ltr'>uon</span> <span class='ocrx_word' id='word_1_166' title='bbox 738 2298 808 2346; x_wconf 83' lang='lat' dir='ltr'>quem</span> <span class='ocrx_word' id='word_1_167' title='bbox 829 2288 909 2328; x_wconf 84' lang='lat' dir='ltr'>amet:</span> <span class='ocrx_word' id='word_1_168' title='bbox 930 2281 1007 2346; x_wconf 87' lang='lat' dir='ltr'>quod,</span> <span class='ocrx_word' id='word_1_169' title='bbox 1030 2297 1083 2329; x_wconf 89' lang='lat' dir='ltr'>cum</span> <span class='ocrx_word' id='word_1_170' title='bbox 1105 2282 1169 2330; x_wconf 85' lang='lat' dir='ltr'>intra</span> 
     </span>
    </p>
   </div>
   <div class='ocr_carea' id='block_1_6' title="bbox 163 2365 1256 2432">
    <p class='ocr_par' dir='ltr' id='par_1_7' title="bbox 163 2365 1256 2432">
     <span class='ocr_line' id='line_1_20' title="bbox 163 2365 1256 2432; baseline 0.001 -18"><span class='ocrx_word' id='word_1_171' title='bbox 163 2368 211 2415; x_wconf 85' lang='lat' dir='ltr'>Ille</span> <span class='ocrx_word' id='word_1_172' title='bbox 224 2367 435 2430; x_wconf 81' lang='lat' dir='ltr'>bonissuveatquc</span> <span class='ocrx_word' id='word_1_173' title='bbox 448 2375 475 2414; x_wconf 88' lang='lat' dir='ltr'>et</span> <span class='ocrx_word' id='word_1_174' title='bbox 486 2368 634 2414; x_wconf 72' lang='lat' dir='ltr'>cmsilietuu</span> <span class='ocrx_word' id='word_1_175' title='bbox 665 2377 750 2432; x_wconf 86' lang='lat' dir='ltr'>pectus</span> <span class='ocrx_word' id='word_1_176' title='bbox 764 2376 885 2430; x_wconf 82' lang='lat' dir='ltr'>versetur,</span> <span class='ocrx_word' id='word_1_177' title='bbox 902 2365 965 2414; x_wconf 87' lang='lat' dir='ltr'>nihil</span> <span class='ocrx_word' id='word_1_178' title='bbox 981 2365 1168 2430; x_wconf 83' lang='lat' dir='ltr'>adspectatores</span> <span class='ocrx_word' id='word_1_179' title='bbox 1253 2386 1256 2392; x_wconf 91' lang='lat'>·</span> 
     </span>
    </p>
   </div>
   <div class='ocr_carea' id='block_1_7' title="bbox 71 2452 1208 4146">
    <p class='ocr_par' dir='ltr' id='par_1_8' title="bbox 127 2452 1169 2604">
     <span class='ocr_line' id='line_1_21' title="bbox 131 2452 1169 2518; baseline 0.001 -19"><span class='ocrx_word' id='word_1_180' title='bbox 131 2454 220 2514; x_wconf 80' lang='lat' dir='ltr'>amice,</span> <span class='ocrx_word' id='word_1_181' title='bbox 245 2453 283 2499; x_wconf 85' lang='lat' dir='ltr'>Et</span> <span class='ocrx_word' id='word_1_182' title='bbox 307 2460 381 2517; x_wconf 75' lang='lat' dir='ltr'>reget</span> <span class='ocrx_word' id='word_1_183' title='bbox 401 2455 499 2514; x_wconf 81' lang='lat' dir='ltr'>iratos,</span> <span class='ocrx_word' id='word_1_184' title='bbox 522 2459 548 2500; x_wconf 85' lang='lat' dir='ltr'>et</span> <span class='ocrx_word' id='word_1_185' title='bbox 568 2460 635 2500; x_wconf 81' lang='lat' dir='ltr'>emet</span> <span class='ocrx_word' id='word_1_186' title='bbox 667 2455 764 2502; x_wconf 81' lang='lat' dir='ltr'>attinet.</span> <span class='ocrx_word' id='word_1_187' title='bbox 778 2454 901 2501; x_wconf 88' lang='lat' dir='ltr'>Facessant</span> <span class='ocrx_word' id='word_1_188' title='bbox 914 2455 989 2518; x_wconf 83' lang='lat' dir='ltr'>igitur</span> <span class='ocrx_word' id='word_1_189' title='bbox 999 2452 1069 2511; x_wconf 68' lang='lat' dir='ltr'>haec,</span> <span class='ocrx_word' id='word_1_190' title='bbox 1085 2462 1110 2500; x_wconf 90' lang='lat' dir='ltr'>et</span> <span class='ocrx_word' id='word_1_191' title='bbox 1120 2468 1169 2501; x_wconf 88' lang='lat' dir='ltr'>me·</span> 
     </span>
     <span class='ocr_line' id='line_1_22' title="bbox 127 2537 1168 2604; baseline -0.002 -18"><span class='ocrx_word' id='word_1_192' title='bbox 127 2554 228 2602; x_wconf 82' lang='lat' dir='ltr'>peccare</span> <span class='ocrx_word' id='word_1_193' title='bbox 244 2541 368 2588; x_wconf 80' lang='lat' dir='ltr'>timenter.</span> <span class='ocrx_word' id='word_1_194' title='bbox 386 2539 424 2586; x_wconf 89' lang='lat' dir='ltr'>Sic</span> <span class='ocrx_word' id='word_1_195' title='bbox 438 2537 535 2604; x_wconf 86' lang='lat' dir='ltr'>quidem</span> <span class='ocrx_word' id='word_1_196' title='bbox 550 2538 634 2586; x_wconf 87' lang='lat' dir='ltr'>editio·</span> <span class='ocrx_word' id='word_1_197' title='bbox 666 2538 727 2587; x_wconf 89' lang='lat' dir='ltr'>liora</span> <span class='ocrx_word' id='word_1_198' title='bbox 742 2539 785 2587; x_wconf 89' lang='lat' dir='ltr'>illa</span> <span class='ocrx_word' id='word_1_199' title='bbox 802 2548 959 2604; x_wconf 81' lang='lat' dir='ltr'>reponantur:</span> <span class='ocrx_word' id='word_1_200' title='bbox 975 2540 1013 2586; x_wconf 82' lang='lat' dir='ltr'>Et</span> <span class='ocrx_word' id='word_1_201' title='bbox 1028 2544 1101 2603; x_wconf 80' lang='lat' dir='ltr'>regat</span> <span class='ocrx_word' id='word_1_202' title='bbox 1115 2539 1168 2585; x_wconf 60' lang='lat' dir='ltr'>ira,</span> 
     </span>
    </p>

    <p class='ocr_par' dir='ltr' id='par_1_9' title="bbox 71 2607 1208 4146">
     <span class='ocr_line' id='line_1_23' title="bbox 128 2607 1208 2688; baseline -0.002 -16"><span class='ocrx_word' id='word_1_203' title='bbox 128 2641 170 2672; x_wconf 89' lang='lat' dir='ltr'>nes</span> <span class='ocrx_word' id='word_1_204' title='bbox 187 2641 282 2687; x_wconf 89' lang='lat' dir='ltr'>omnes,</span> <span class='ocrx_word' id='word_1_205' title='bbox 299 2622 355 2687; x_wconf 85' lang='lat' dir='ltr'>sed,</span> <span class='ocrx_word' id='word_1_206' title='bbox 372 2635 415 2673; x_wconf 87' lang='lat' dir='ltr'>aut</span> <span class='ocrx_word' id='word_1_207' title='bbox 424 2623 494 2673; x_wconf 82' lang='lat' dir='ltr'>valde</span> <span class='ocrx_word' id='word_1_208' title='bbox 508 2624 630 2687; x_wconf 82' lang='lat' dir='ltr'>fallimur,</span> <span class='ocrx_word' id='word_1_209' title='bbox 665 2632 716 2688; x_wconf 79' lang='lat' dir='ltr'>tos,</span> <span class='ocrx_word' id='word_1_210' title='bbox 738 2633 764 2672; x_wconf 86' lang='lat' dir='ltr'>et</span> <span class='ocrx_word' id='word_1_211' title='bbox 779 2633 845 2672; x_wconf 83' lang='lat' dir='ltr'>amet</span> <span class='ocrx_word' id='word_1_212' title='bbox 855 2640 946 2688; x_wconf 83' lang='lat' dir='ltr'>pacare</span> <span class='ocrx_word' id='word_1_213' title='bbox 964 2631 1094 2673; x_wconf 80' lang='lat' dir='ltr'>tumentes.</span> <span class='ocrx_word' id='word_1_214' title='bbox 1118 2625 1168 2671; x_wconf 86' lang='lat' dir='ltr'>Pa-</span> <span class='ocrx_word' id='word_1_215' title='bbox 1207 2607 1208 2610; x_wconf 8' lang='grc' dir='ltr'><strong>Ἴ</strong></span> 
     </span>
     <span class='ocr_line' id='line_1_24' title="bbox 130 2709 1168 2776; baseline -0.001 -18"><span class='ocrx_word' id='word_1_216' title='bbox 130 2721 172 2759; x_wconf 87' lang='lat' dir='ltr'>aut</span> <span class='ocrx_word' id='word_1_217' title='bbox 188 2713 281 2776; x_wconf 82' lang='lat' dir='ltr'>gemino</span> <span class='ocrx_word' id='word_1_218' title='bbox 298 2710 382 2759; x_wconf 86' lang='lat' dir='ltr'>mendo</span> <span class='ocrx_word' id='word_1_219' title='bbox 398 2710 492 2759; x_wconf 86' lang='lat' dir='ltr'>laborat</span> <span class='ocrx_word' id='word_1_220' title='bbox 509 2709 576 2758; x_wconf 89' lang='lat' dir='ltr'>locus</span> <span class='ocrx_word' id='word_1_221' title='bbox 590 2709 631 2758; x_wconf 82' lang='lat' dir='ltr'>liic</span> <span class='ocrx_word' id='word_1_222' title='bbox 664 2725 719 2758; x_wconf 88' lang='lat' dir='ltr'>care</span> <span class='ocrx_word' id='word_1_223' title='bbox 732 2712 887 2775; x_wconf 83' lang='lat' dir='ltr'>manuscripti</span> <span class='ocrx_word' id='word_1_224' title='bbox 898 2709 991 2775; x_wconf 88' lang='lat' dir='ltr'>aliquot</span> <span class='ocrx_word' id='word_1_225' title='bbox 998 2709 1083 2772; x_wconf 85' lang='lat' dir='ltr'>Statii,</span> <span class='ocrx_word' id='word_1_226' title='bbox 1095 2725 1168 2757; x_wconf 87' lang='lat' dir='ltr'>unus·</span> 
     </span>
     <span class='ocr_line' id='line_1_25' title="bbox 128 2783 1169 2861; baseline -0.001 -18"><span class='ocrx_word' id='word_1_227' title='bbox 128 2795 158 2844; x_wconf 87' lang='lat' dir='ltr'>de</span> <span class='ocrx_word' id='word_1_228' title='bbox 182 2796 268 2844; x_wconf 85' lang='lat' dir='ltr'>Chora:</span> <span class='ocrx_word' id='word_1_229' title='bbox 293 2783 341 2845; x_wconf 87' lang='lat' dir='ltr'>Ille</span> <span class='ocrx_word' id='word_1_230' title='bbox 363 2797 432 2844; x_wconf 80' lang='lat' dir='ltr'>bonis</span> <span class='ocrx_word' id='word_1_231' title='bbox 444 2796 581 2858; x_wconf 75' lang='lat' dir='ltr'>faveatque</span> <span class='ocrx_word' id='word_1_232' title='bbox 606 2802 631 2842; x_wconf 87' lang='lat' dir='ltr'>et</span> <span class='ocrx_word' id='word_1_233' title='bbox 663 2811 709 2860; x_wconf 78' lang='lat' dir='ltr'>que</span> <span class='ocrx_word' id='word_1_234' title='bbox 722 2795 819 2861; x_wconf 81' lang='lat' dir='ltr'>Cruquii</span> <span class='ocrx_word' id='word_1_235' title='bbox 833 2793 944 2852; x_wconf 79' lang='lat' dir='ltr'>exhibet3</span> <span class='ocrx_word' id='word_1_236' title='bbox 965 2795 1108 2843; x_wconf 83' lang='lat' dir='ltr'>Graevianus</span> <span class='ocrx_word' id='word_1_237' title='bbox 1124 2809 1169 2858; x_wconf 83' lang='lat' dir='ltr'>pe·</span> 
     </span>
     <span class='ocr_line' id='line_1_26' title="bbox 126 2865 1181 2946; baseline 0.003 -18"><span class='ocrx_word' id='word_1_238' title='bbox 126 2865 276 2929; x_wconf 63' lang='lat' dir='ltr'>commitetur</span> <span class='ocrx_word' id='word_1_239' title='bbox 292 2883 384 2942; x_wconf 81' lang='lat' dir='ltr'>amice,</span> <span class='ocrx_word' id='word_1_240' title='bbox 401 2881 439 2928; x_wconf 86' lang='lat' dir='ltr'>Et</span> <span class='ocrx_word' id='word_1_241' title='bbox 452 2887 526 2944; x_wconf 80' lang='lat' dir='ltr'>regat</span> <span class='ocrx_word' id='word_1_242' title='bbox 538 2882 632 2943; x_wconf 77' lang='lat' dir='ltr'>iratos,</span> <span class='ocrx_word' id='word_1_243' title='bbox 666 2897 735 2944; x_wconf 82' lang='lat' dir='ltr'>cere,</span> <span class='ocrx_word' id='word_1_244' title='bbox 745 2898 817 2946; x_wconf 89' lang='lat' dir='ltr'>prope</span> <span class='ocrx_word' id='word_1_245' title='bbox 826 2897 916 2929; x_wconf 86' lang='lat' dir='ltr'>verum.</span> <span class='ocrx_word' id='word_1_246' title='bbox 930 2881 960 2927; x_wconf 77' lang='lat' dir='ltr'>lt</span> <span class='ocrx_word' id='word_1_247' title='bbox 968 2880 1093 2928; x_wconf 89' lang='lat' dir='ltr'>Pulmanni</span> <span class='ocrx_word' id='word_1_248' title='bbox 1104 2879 1181 2931; x_wconf 79' lang='lat' dir='ltr'>liber.</span> 
     </span>
     <span class='ocr_line' id='line_1_27' title="bbox 128 2966 1166 3033; baseline 0.002 -20"><span class='ocrx_word' id='word_1_249' title='bbox 128 2973 154 3013; x_wconf 83' lang='lat' dir='ltr'>et</span> <span class='ocrx_word' id='word_1_250' title='bbox 164 2974 230 3014; x_wconf 85' lang='lat' dir='ltr'>amet</span> <span class='ocrx_word' id='word_1_251' title='bbox 238 2982 341 3030; x_wconf 81' lang='lat' dir='ltr'>percura</span> <span class='ocrx_word' id='word_1_252' title='bbox 356 2966 484 3019; x_wconf 79' lang='lat' dir='ltr'>timentes:</span> <span class='ocrx_word' id='word_1_253' title='bbox 497 2966 545 3013; x_wconf 86' lang='lat' dir='ltr'>Ille</span> <span class='ocrx_word' id='word_1_254' title='bbox 558 2967 632 3029; x_wconf 80' lang='lat' dir='ltr'>dapes</span> <span class='ocrx_word' id='word_1_255' title='bbox 664 2976 790 3033; x_wconf 85' lang='lat' dir='ltr'>utrumque</span> <span class='ocrx_word' id='word_1_256' title='bbox 805 2969 923 3032; x_wconf 84' lang='lat' dir='ltr'>praefert,</span> <span class='ocrx_word' id='word_1_257' title='bbox 930 2981 1022 3030; x_wconf 82' lang='lat' dir='ltr'>pacare</span> <span class='ocrx_word' id='word_1_258' title='bbox 1036 2973 1166 3016; x_wconf 81' lang='lat' dir='ltr'>tumentes.</span> 
     </span>
     <span class='ocr_line' id='line_1_28' title="bbox 126 3045 1166 3118; baseline 0.002 -19"><span class='ocrx_word' id='word_1_259' title='bbox 126 3053 211 3099; x_wconf 62' lang='lat' dir='ltr'>mutiet</span> <span class='ocrx_word' id='word_1_260' title='bbox 236 3067 334 3099; x_wconf 71' lang='lat' dir='ltr'>memus</span> <span class='ocrx_word' id='word_1_261' title='bbox 361 3053 459 3114; x_wconf 71' lang='grc' dir='ltr'>ὒνσυίε,</span> <span class='ocrx_word' id='word_1_262' title='bbox 492 3045 537 3099; x_wconf 70' lang='lat' dir='ltr'>itte</span> <span class='ocrx_word' id='word_1_263' title='bbox 565 3053 632 3100; x_wconf 78' lang='lat' dir='ltr'>rule—</span> <span class='ocrx_word' id='word_1_264' title='bbox 662 3052 752 3118; x_wconf 79' lang='lat' dir='ltr'>Rogat,</span> <span class='ocrx_word' id='word_1_265' title='bbox 769 3055 862 3118; x_wconf 81' lang='lat' dir='ltr'>inquit,</span> <span class='ocrx_word' id='word_1_266' title='bbox 878 3055 965 3114; x_wconf 88' lang='lat' dir='ltr'>iratos,</span> <span class='ocrx_word' id='word_1_267' title='bbox 983 3062 1007 3100; x_wconf 91' lang='lat' dir='ltr'>et</span> <span class='ocrx_word' id='word_1_268' title='bbox 1020 3058 1099 3114; x_wconf 80' lang='lat' dir='ltr'>acret,</span> <span class='ocrx_word' id='word_1_269' title='bbox 1115 3053 1166 3101; x_wconf 82' lang='lat' dir='ltr'>sive</span> 
     </span>
     <span class='ocr_line' id='line_1_29' title="bbox 127 3138 1167 3204; baseline 0.001 -18"><span class='ocrx_word' id='word_1_270' title='bbox 127 3139 192 3186; x_wconf 61' lang='lat' dir='ltr'>Mam</span> <span class='ocrx_word' id='word_1_271' title='bbox 211 3139 345 3186; x_wconf 74' lang='lat' dir='ltr'>Iustitiam</span> <span class='ocrx_word' id='word_1_272' title='bbox 358 3138 476 3204; x_wconf 72' lang='lat' dir='ltr'>&#39;legesque</span> <span class='ocrx_word' id='word_1_273' title='bbox 491 3145 517 3185; x_wconf 83' lang='lat' dir='ltr'>et</span> <span class='ocrx_word' id='word_1_274' title='bbox 533 3140 631 3202; x_wconf 77' lang='lat' dir='ltr'>apertio</span> <span class='ocrx_word' id='word_1_275' title='bbox 662 3139 751 3202; x_wconf 83' lang='lat' dir='ltr'>soleat,</span> <span class='ocrx_word' id='word_1_276' title='bbox 766 3149 885 3187; x_wconf 78' lang='lat' dir='ltr'>tumentes</span> <span class='ocrx_word' id='word_1_277' title='bbox 896 3138 984 3201; x_wconf 86' lang='lat' dir='ltr'>lenire,</span> <span class='ocrx_word' id='word_1_278' title='bbox 996 3154 1102 3203; x_wconf 85' lang='lat' dir='ltr'>pecare,</span> <span class='ocrx_word' id='word_1_279' title='bbox 1116 3140 1167 3188; x_wconf 83' lang='lat' dir='ltr'>sive</span> 
     </span>
     <span class='ocr_line' id='line_1_30' title="bbox 125 3224 1165 3289; baseline 0.001 -17"><span class='ocrx_word' id='word_1_280' title='bbox 125 3226 180 3272; x_wconf 81' lang='lat' dir='ltr'>otiu</span> <span class='ocrx_word' id='word_1_281' title='bbox 191 3227 286 3289; x_wconf 79' lang='lat' dir='ltr'>portio.</span> <span class='ocrx_word' id='word_1_282' title='bbox 310 3224 356 3286; x_wconf 83' lang='lat' dir='ltr'>Qui</span> <span class='ocrx_word' id='word_1_283' title='bbox 367 3224 466 3272; x_wconf 77' lang='lat' dir='ltr'>Graecos</span> <span class='ocrx_word' id='word_1_284' title='bbox 478 3224 587 3289; x_wconf 80' lang='lat' dir='ltr'>Tragicos</span> <span class='ocrx_word' id='word_1_285' title='bbox 604 3234 629 3273; x_wconf 87' lang='lat' dir='ltr'>et</span> <span class='ocrx_word' id='word_1_286' title='bbox 656 3227 773 3289; x_wconf 76' lang='lat' dir='ltr'>plocere5</span> <span class='ocrx_word' id='word_1_287' title='bbox 788 3242 842 3273; x_wconf 89' lang='lat' dir='ltr'>nam</span> <span class='ocrx_word' id='word_1_288' title='bbox 857 3224 917 3273; x_wconf 90' lang='lat' dir='ltr'>haec</span> <span class='ocrx_word' id='word_1_289' title='bbox 933 3241 1007 3273; x_wconf 88' lang='lat' dir='ltr'>unum</span> <span class='ocrx_word' id='word_1_290' title='bbox 1024 3226 1074 3273; x_wconf 82' lang='lat' dir='ltr'>fere</span> <span class='ocrx_word' id='word_1_291' title='bbox 1090 3224 1165 3274; x_wconf 86' lang='lat' dir='ltr'>idem·</span> 
     </span>
     <span class='ocr_line' id='line_1_31' title="bbox 125 3309 1166 3376; baseline 0.002 -19"><span class='ocrx_word' id='word_1_292' title='bbox 125 3309 236 3358; x_wconf 88' lang='lat' dir='ltr'>Senecam</span> <span class='ocrx_word' id='word_1_293' title='bbox 243 3319 411 3372; x_wconf 85' lang='lat' dir='ltr'>versaverunt,</span> <span class='ocrx_word' id='word_1_294' title='bbox 425 3309 632 3359; x_wconf 86' lang='lat' dir='ltr'>nihilinhishae-</span> <span class='ocrx_word' id='word_1_295' title='bbox 665 3327 710 3376; x_wconf 84' lang='lat' dir='ltr'>que</span> <span class='ocrx_word' id='word_1_296' title='bbox 727 3321 797 3373; x_wconf 87' lang='lat' dir='ltr'>sunt,</span> <span class='ocrx_word' id='word_1_297' title='bbox 820 3320 845 3359; x_wconf 93' lang='lat' dir='ltr'>et</span> <span class='ocrx_word' id='word_1_298' title='bbox 861 3313 954 3359; x_wconf 86' lang='lat' dir='ltr'>variant</span> <span class='ocrx_word' id='word_1_299' title='bbox 970 3311 1110 3376; x_wconf 86' lang='lat' dir='ltr'>plerumque</span> <span class='ocrx_word' id='word_1_300' title='bbox 1128 3328 1166 3360; x_wconf 85' lang='lat' dir='ltr'>eo-</span> 
     </span>
     <span class='ocr_line' id='line_1_32' title="bbox 125 3394 1165 3462; baseline 0.004 -20"><span class='ocrx_word' id='word_1_301' title='bbox 125 3394 226 3459; x_wconf 89' lang='lat' dir='ltr'>rebunt,</span> <span class='ocrx_word' id='word_1_302' title='bbox 241 3405 357 3462; x_wconf 72' lang='lat' dir='ltr'>quantum</span> <span class='ocrx_word' id='word_1_303' title='bbox 370 3394 401 3444; x_wconf 85' lang='lat' dir='ltr'>ad</span> <span class='ocrx_word' id='word_1_304' title='bbox 412 3412 463 3443; x_wconf 91' lang='lat' dir='ltr'>rem</span> <span class='ocrx_word' id='word_1_305' title='bbox 476 3397 577 3444; x_wconf 77' lang='lat' dir='ltr'>attinet:</span> <span class='ocrx_word' id='word_1_306' title='bbox 594 3405 630 3444; x_wconf 86' lang='lat' dir='ltr'>est</span> <span class='ocrx_word' id='word_1_307' title='bbox 662 3395 726 3445; x_wconf 76' lang='lat' dir='ltr'>ilices</span> <span class='ocrx_word' id='word_1_308' title='bbox 741 3398 833 3462; x_wconf 86' lang='lat' dir='ltr'>scripti.</span> <span class='ocrx_word' id='word_1_309' title='bbox 850 3397 934 3445; x_wconf 81' lang='lat' dir='ltr'>Noster</span> <span class='ocrx_word' id='word_1_310' title='bbox 946 3395 1165 3459; x_wconf 77' lang='lat' dir='ltr'>serm.11,rm‚5.</span> 
     </span>
     <span class='ocr_line' id='line_1_33' title="bbox 71 3468 1166 3547; baseline 0 -18"><span class='ocrx_word' id='word_1_311' title='bbox 71 3468 75 3472; x_wconf 38' lang='lat'>⁵</span> <span class='ocrx_word' id='word_1_312' title='bbox 124 3498 191 3544; x_wconf 87' lang='lat' dir='ltr'>vero,</span> <span class='ocrx_word' id='word_1_313' title='bbox 210 3480 273 3547; x_wconf 82' lang='lat' dir='ltr'>quod</span> <span class='ocrx_word' id='word_1_314' title='bbox 286 3483 312 3532; x_wconf 86' lang='lat' dir='ltr'>in</span> <span class='ocrx_word' id='word_1_315' title='bbox 325 3482 430 3530; x_wconf 86' lang='lat' dir='ltr'>dictione</span> <span class='ocrx_word' id='word_1_316' title='bbox 444 3481 630 3546; x_wconf 81' lang='lat' dir='ltr'>inreritupere-</span> <span class='ocrx_word' id='word_1_317' title='bbox 664 3482 731 3540; x_wconf 79' lang='lat' dir='ltr'>Quae</span> <span class='ocrx_word' id='word_1_318' title='bbox 742 3484 829 3547; x_wconf 79' lang='lat' dir='ltr'>prime</span> <span class='ocrx_word' id='word_1_319' title='bbox 844 3484 940 3530; x_wconf 80' lang='lat' dir='ltr'>iratum</span> <span class='ocrx_word' id='word_1_320' title='bbox 956 3478 1166 3546; x_wconf 72' lang='lat' dir='ltr'>centemplare-</span> 
     </span>
     <span class='ocr_line' id='line_1_34' title="bbox 125 3566 1166 3634; baseline 0.003 -21"><span class='ocrx_word' id='word_1_321' title='bbox 125 3581 184 3614; x_wconf 88' lang='lat' dir='ltr'>mus.</span> <span class='ocrx_word' id='word_1_322' title='bbox 208 3568 307 3630; x_wconf 83' lang='lat' dir='ltr'>Quinam</span> <span class='ocrx_word' id='word_1_323' title='bbox 326 3571 389 3616; x_wconf 87' lang='lat' dir='ltr'>euim</span> <span class='ocrx_word' id='word_1_324' title='bbox 406 3577 462 3616; x_wconf 91' lang='lat' dir='ltr'>sunt</span> <span class='ocrx_word' id='word_1_325' title='bbox 477 3566 517 3616; x_wconf 86' lang='lat' dir='ltr'>illi</span> <span class='ocrx_word' id='word_1_326' title='bbox 529 3583 630 3631; x_wconf 83' lang='lat' dir='ltr'>peccare</span> <span class='ocrx_word' id='word_1_327' title='bbox 662 3569 730 3616; x_wconf 77' lang='lat' dir='ltr'>vetit</span> <span class='ocrx_word' id='word_1_328' title='bbox 746 3584 808 3617; x_wconf 81' lang='lat' dir='ltr'>esca.</span> <span class='ocrx_word' id='word_1_329' title='bbox 839 3568 884 3617; x_wconf 86' lang='lat' dir='ltr'>Ubi</span> <span class='ocrx_word' id='word_1_330' title='bbox 905 3569 1014 3634; x_wconf 75' lang='lat' dir='ltr'>plerique</span> <span class='ocrx_word' id='word_1_331' title='bbox 1034 3585 1063 3616; x_wconf 83' lang='lat' dir='ltr'>ex</span> <span class='ocrx_word' id='word_1_332' title='bbox 1078 3569 1166 3616; x_wconf 87' lang='lat' dir='ltr'>nostris</span> 
     </span>
     <span class='ocr_line' id='line_1_35' title="bbox 126 3651 1166 3719; baseline 0.001 -21"><span class='ocrx_word' id='word_1_333' title='bbox 126 3651 264 3702; x_wconf 78' lang='lat' dir='ltr'>timentes?</span> <span class='ocrx_word' id='word_1_334' title='bbox 282 3670 329 3702; x_wconf 90' lang='lat' dir='ltr'>uon</span> <span class='ocrx_word' id='word_1_335' title='bbox 345 3652 458 3716; x_wconf 86' lang='lat' dir='ltr'>abonis,</span> <span class='ocrx_word' id='word_1_336' title='bbox 476 3653 573 3718; x_wconf 90' lang='lat' dir='ltr'>opinor,</span> <span class='ocrx_word' id='word_1_337' title='bbox 590 3652 627 3701; x_wconf 86' lang='lat' dir='ltr'>di·</span> <span class='ocrx_word' id='word_1_338' title='bbox 654 3656 797 3718; x_wconf 80' lang='lat' dir='ltr'>placaverit</span> <span class='ocrx_word' id='word_1_339' title='bbox 817 3653 922 3716; x_wconf 87' lang='lat' dir='ltr'>habent,</span> <span class='ocrx_word' id='word_1_340' title='bbox 952 3664 1042 3719; x_wconf 86' lang='lat' dir='ltr'>septem</span> <span class='ocrx_word' id='word_1_341' title='bbox 1061 3667 1166 3716; x_wconf 79' lang='lat' dir='ltr'>pacave-</span> 
     </span>
     <span class='ocr_line' id='line_1_36' title="bbox 124 3725 1166 3806; baseline 0.003 -23"><span class='ocrx_word' id='word_1_342' title='bbox 124 3737 187 3784; x_wconf 87' lang='lat' dir='ltr'>versi</span> <span class='ocrx_word' id='word_1_343' title='bbox 210 3747 272 3786; x_wconf 86' lang='lat' dir='ltr'>sunt.</span> <span class='ocrx_word' id='word_1_344' title='bbox 300 3740 331 3786; x_wconf 77' lang='lat' dir='ltr'>At</span> <span class='ocrx_word' id='word_1_345' title='bbox 354 3739 401 3787; x_wconf 89' lang='lat' dir='ltr'>iam</span> <span class='ocrx_word' id='word_1_346' title='bbox 426 3738 519 3787; x_wconf 86' lang='lat' dir='ltr'>dixerat</span> <span class='ocrx_word' id='word_1_347' title='bbox 538 3738 630 3799; x_wconf 84' lang='lat' dir='ltr'>faveat</span> <span class='ocrx_word' id='word_1_348' title='bbox 662 3742 708 3788; x_wconf 78' lang='lat' dir='ltr'>rit.</span> <span class='ocrx_word' id='word_1_349' title='bbox 725 3725 808 3806; x_wconf 73' lang='lat' dir='ltr'>virgil.</span> <span class='ocrx_word' id='word_1_350' title='bbox 822 3741 880 3789; x_wconf 76' lang='lat' dir='ltr'>Aen.</span> <span class='ocrx_word' id='word_1_351' title='bbox 896 3740 921 3801; x_wconf 92' lang='lat' dir='ltr'>l,</span> <span class='ocrx_word' id='word_1_352' title='bbox 937 3741 991 3788; x_wconf 68' lang='lat'>142.</span> <span class='ocrx_word' id='word_1_353' title='bbox 1011 3740 1054 3786; x_wconf 82' lang='lat' dir='ltr'>Sic</span> <span class='ocrx_word' id='word_1_354' title='bbox 1070 3739 1121 3799; x_wconf 82' lang='lat' dir='ltr'>eit,</span> <span class='ocrx_word' id='word_1_355' title='bbox 1139 3745 1166 3786; x_wconf 82' lang='lat' dir='ltr'>et</span> 
     </span>
     <span class='ocr_line' id='line_1_37' title="bbox 123 3821 1165 3889; baseline 0.004 -21"><span class='ocrx_word' id='word_1_356' title='bbox 123 3824 206 3884; x_wconf 82' lang='lat' dir='ltr'>benis,</span> <span class='ocrx_word' id='word_1_357' title='bbox 229 3821 293 3888; x_wconf 85' lang='lat' dir='ltr'>quod</span> <span class='ocrx_word' id='word_1_358' title='bbox 309 3833 351 3871; x_wconf 84' lang='lat' dir='ltr'>eut</span> <span class='ocrx_word' id='word_1_359' title='bbox 364 3822 427 3872; x_wconf 86' lang='lat' dir='ltr'>idem</span> <span class='ocrx_word' id='word_1_360' title='bbox 444 3835 485 3872; x_wconf 89' lang='lat' dir='ltr'>aut</span> <span class='ocrx_word' id='word_1_361' title='bbox 502 3823 556 3889; x_wconf 88' lang='lat' dir='ltr'>plus</span> <span class='ocrx_word' id='word_1_362' title='bbox 574 3833 626 3886; x_wconf 83' lang='lat' dir='ltr'>est,</span> <span class='ocrx_word' id='word_1_363' title='bbox 660 3826 740 3873; x_wconf 79' lang='lat' dir='ltr'>dictio</span> <span class='ocrx_word' id='word_1_364' title='bbox 754 3827 835 3873; x_wconf 79' lang='lat' dir='ltr'>citius</span> <span class='ocrx_word' id='word_1_365' title='bbox 848 3826 1060 3886; x_wconf 78' lang='lat' dir='ltr'>tumideaeqttore</span> <span class='ocrx_word' id='word_1_366' title='bbox 1069 3825 1165 3887; x_wconf 72' lang='lat' dir='ltr'>placcat.</span> 
     </span>
     <span class='ocr_line' id='line_1_38' title="bbox 124 3907 1166 3974; baseline 0.004 -20"><span class='ocrx_word' id='word_1_367' title='bbox 124 3924 194 3973; x_wconf 87' lang='lat' dir='ltr'>quam</span> <span class='ocrx_word' id='word_1_368' title='bbox 216 3914 282 3955; x_wconf 82' lang='lat' dir='ltr'>amet</span> <span class='ocrx_word' id='word_1_369' title='bbox 303 3911 381 3959; x_wconf 78' lang='lat' dir='ltr'>locos.</span> <span class='ocrx_word' id='word_1_370' title='bbox 403 3909 464 3972; x_wconf 68' lang='lat' dir='ltr'>Quill</span> <span class='ocrx_word' id='word_1_371' title='bbox 485 3911 561 3974; x_wconf 81' lang='lat' dir='ltr'>igitur</span> <span class='ocrx_word' id='word_1_372' title='bbox 579 3926 626 3958; x_wconf 92' lang='lat' dir='ltr'>non</span> <span class='ocrx_word' id='word_1_373' title='bbox 659 3910 779 3959; x_wconf 87' lang='lat' dir='ltr'>Glaudian.</span> <span class='ocrx_word' id='word_1_374' title='bbox 796 3911 825 3958; x_wconf 83' lang='lat' dir='ltr'>lt</span> <span class='ocrx_word' id='word_1_375' title='bbox 838 3909 930 3957; x_wconf 84' lang='lat' dir='ltr'>Consul.</span> <span class='ocrx_word' id='word_1_376' title='bbox 944 3909 1061 3957; x_wconf 63' lang='lat' dir='ltr'>floreat</span> <span class='ocrx_word' id='word_1_377' title='bbox 1076 3907 1105 3956; x_wconf 84' lang='lat' dir='ltr'>de</span> <span class='ocrx_word' id='word_1_378' title='bbox 1116 3910 1166 3958; x_wconf 75' lang='lat' dir='ltr'>Vir·</span> 
     </span>
     <span class='ocr_line' id='line_1_39' title="bbox 122 3989 1164 4059; baseline 0.001 -18"><span class='ocrx_word' id='word_1_379' title='bbox 122 3992 152 4041; x_wconf 86' lang='lat' dir='ltr'>ad</span> <span class='ocrx_word' id='word_1_380' title='bbox 163 3989 627 4044; x_wconf 77' lang='lat' dir='ltr'>seutentiam&#39;haec&#39;conferrmtl’Noster</span> <span class='ocrx_word' id='word_1_381' title='bbox 659 4006 725 4044; x_wconf 84' lang='lat' dir='ltr'>tute:</span> <span class='ocrx_word' id='word_1_382' title='bbox 747 3997 818 4043; x_wconf 82' lang='lat' dir='ltr'>Hune</span> <span class='ocrx_word' id='word_1_383' title='bbox 840 4002 923 4042; x_wconf 82' lang='lat' dir='ltr'>temen</span> <span class='ocrx_word' id='word_1_384' title='bbox 941 3995 1007 4042; x_wconf 79' lang='lat' dir='ltr'><em>haud</em></span> <span class='ocrx_word' id='word_1_385' title='bbox 1021 3996 1164 4059; x_wconf 79' lang='lat' dir='ltr'>quisquam,</span> 
     </span>
     <span class='ocr_line' id='line_1_40' title="bbox 121 4081 1166 4146; baseline 0.001 -19"><span class='ocrx_word' id='word_1_386' title='bbox 121 4081 194 4145; x_wconf 78' lang='lat' dir='ltr'>Epist.</span> <span class='ocrx_word' id='word_1_387' title='bbox 213 4081 364 4143; x_wconf 77' lang='lat' dir='ltr'>1‚xr1,62.</span> <span class='ocrx_word' id='word_1_388' title='bbox 393 4081 504 4129; x_wconf 77' lang='lat' dir='ltr'>Oderunt</span> <span class='ocrx_word' id='word_1_389' title='bbox 523 4096 626 4145; x_wconf 82' lang='lat' dir='ltr'>peccora</span> <span class='ocrx_word' id='word_1_390' title='bbox 659 4084 704 4144; x_wconf 80' lang='lat' dir='ltr'>qui</span> <span class='ocrx_word' id='word_1_391' title='bbox 722 4098 769 4130; x_wconf 77' lang='lat' dir='ltr'>noe</span> <span class='ocrx_word' id='word_1_392' title='bbox 790 4081 923 4146; x_wconf 62' lang='grc' dir='ltr'>αςτιουοήΐ</span> <span class='ocrx_word' id='word_1_393' title='bbox 943 4088 1003 4128; x_wconf 81' lang='lat' dir='ltr'>unte</span> <span class='ocrx_word' id='word_1_394' title='bbox 1018 4082 1115 4144; x_wconf 82' lang='lat' dir='ltr'>Semet,</span> <span class='ocrx_word' id='word_1_395' title='bbox 1139 4088 1166 4128; x_wconf 87' lang='lat' dir='ltr'>et</span> 
     </span>
    </p>
   </div>
   <div class='ocr_carea' id='block_1_8' title="bbox 0 0 1380 4844">
    <p class='ocr_par' dir='ltr' id='par_1_10' title="bbox 0 0 1380 4844">
     <span class='ocr_line' id='line_1_41' title="bbox 0 0 1380 4844; baseline 0 5"><span class='ocrx_word' id='word_1_396' title='bbox 0 0 1380 4844; x_wconf 95' lang='lat' dir='ltr'> </span> 
     </span>
    </p>
   </div>
  </div>
 </body>
</html>
