2752 4844
530 385 613 452 'so
646 391 865 452 alsonus.

223 591 400 665 imberbus
421 594 569 685 iuuenis,
594 592 730 665 taudem
754 593 901 666 custode
918 602 1065 686 remoto,

95 869 97 872 v
188 818 313 866 lomninnen
326 832 448 880 moresque
461 819 691 881 enionontnm,Ant
723 818 760 868 ibi
780 829 844 868 recte
861 822 1044 885 interpretatur:
1068 835 1159 868 ornnem
1175 820 1222 867 irc·

188 904 275 951 stadio
295 905 433 967 imparibus
456 905 541 951 diuiso
564 906 690 952 aetatibus
722 921 775 952 rum
791 906 840 952 vim
853 907 965 971 inunum
982 903 1113 972 contrahit,
1131 914 1158 952 ut
1172 920 1221 953 mo·

187 996 247 1053 apta
265 989 396 1054 Effingunt
404 990 476 1051 socie
489 990 622 1038 cerberum.
637 991 689 1038 Boi·
722 975 785 1038 ciens
801 989 871 1039 simul
890 989 1006 1039 effundat.
1023 992 1099 1055 Atque
1115 992 1150 1039 ita
1164 988 1222 1038 dici·

187 1074 265 1123 lavius
280 1077 306 1123 in
322 1075 385 1122 dote·
396 1074 488 1123 Poetica
504 1076 555 1137 Ill,
571 1077 628 1124 373.
654 1077 688 1123 Le
721 1085 761 1123 tur
777 1078 893 1141 colligere
906 1078 996 1140 sitien,
1014 1075 1078 1141 cpud
1094 1075 1158 1125 Ovid.
1173 1077 1222 1124 iic·

189 1161 292 1224 Temps,
319 1161 363 1223 qai
386 1161 479 1225 change
501 1167 571 1222 tent,
596 1162 688 1226 change
721 1171 777 1210 tam.
792 1162 889 1223 uma
908 1163 984 1210 Fessa
998 1163 1220 1210 mioresitimcol-

114 1256 116 1261 ⁴
166 1247 258 1296 ,cassi
278 1261 322 1294 nos
343 1247 471 1305 namneu-
497 1246 593 1309 Cluaqne
608 1262 655 1311 age
671 1263 686 1293 a
718 1249 830 1312 legerat:
845 1247 948 1310 hocest,
963 1248 1064 1312 fatigata
1081 1253 1221 1311 conceperat

186 1347 226 1379 ses
248 1333 374 1395 plaisirs,
402 1347 445 1379 eme
466 1332 563 1395 espeit,
594 1339 621 1379 et
648 1347 688 1388 ses
718 1334 820 1397 primum
833 1332 1014 1398 aliquam,tum
1027 1325 1112 1380 sensim
1123 1333 1219 1380 sensim-

186 1431 289 1465 moeurs.
718 1434 765 1483 que
778 1420 903 1480 maiorem,
918 1417 1013 1466 tandem
1026 1418 1158 1482 collegerat
1171 1434 1220 1466 mc·

217 1504 286 1550 lram
302 1504 426 1568 Colligit,
448 1519 476 1551 uc
493 1504 568 1566 ponit
590 1511 685 1552 temere.
720 1520 798 1569 gnam.
817 1504 929 1569 Virgilius
948 1502 1045 1552 icueid.
1060 1504 1106 1566 lx,
1120 1504 1160 1550 64.
1175 1503 1220 1564 fe-

185 1587 260 1638 Editio
282 1589 404 1637 Zarottina
419 1591 484 1636 iram
500 1591 616 1652 concipit.
637 1589 685 1637 linc
717 1605 780 1636 noem
803 1605 834 1637 ee
856 1591 926 1653 longo
950 1582 1075 1636 collectam
1099 1587 1219 1654 appellat:

184 1677 225 1724 vix
239 1674 322 1723 dubito
336 1676 394 1740 quin
405 1685 434 1722 eor
444 1673 526 1723 Codice
538 1674 628 1723 editum
639 1675 681 1722 sit:
715 1677 816 1723 collecta
823 1675 929 1740 fatigat
942 1675 1029 1722 edendi
1042 1675 1084 1724 Ee
1097 1677 1169 1740 longo
1178 1691 1219 1722 ra-

184 1777 239 1809 nam
252 1771 352 1825 utraque
369 1758 485 1808 vocabule
499 1777 569 1825 saepe
583 1763 646 1808 inter
660 1777 683 1808 se
717 1762 776 1809 lies.
802 1760 911 1809 Ciclanus
930 1759 1026 1826 quidem
1044 1759 1074 1808 ad
1092 1759 1216 1824 Ovidium,

184 1854 318 1911 permutata
332 1844 425 1907 videas,
442 1862 464 1894 v.
478 1862 498 1893 c.
516 1844 546 1892 ad
562 1844 626 1894 ovid.
636 1846 683 1893 ne·
715 1847 741 1893 iu
757 1845 802 1894 MS.
819 1847 943 1894 inveniens
958 1844 1099 1910 cmecepceot
1116 1863 1159 1912 pro
1172 1849 1219 1895 col·

185 1931 682 1994 ranunculum.etLucan.11,ee.
716 1933 827 1996 legerat,
852 1941 979 1997 utrumqne
1000 1939 1092 1979 rectum
1113 1929 1217 1996 pronun·
1259 1968 1262 1975 «

183 2016 241 2065 iiiiii
262 2017 331 2082 longe
354 2017 486 2082 elegantius
502 2015 596 2064 videtur
612 2005 683 2081 qnam
716 2017 769 2066 tiat.
787 2018 826 2065 Est
836 2019 883 2074 ita;
899 2016 940 2065 sed
953 2011 1095 2082 significatio
1111 2018 1215 2067 multum

182 2104 296 2167 colligit,
327 2104 374 2150 imo
395 2103 465 2149 unice
486 2117 576 2149 verum.
606 2102 682 2149 luter·
714 2101 804 2151 differt.
822 2103 919 2167 Colligit
936 2102 1023 2168 aliquis
1038 2105 1103 2151 sitim
1120 2119 1150 2151 ee
1163 2105 1213 2152 lon-

182 2197 276 2252 pretes,
294 2186 376 2248 credo,
391 2188 529 2233 varietatem
543 2185 610 2233 illam
624 2185 681 2233 edit.
712 2203 759 2251 ge,
775 2189 886 2250 concipit
901 2189 964 2236 sitim
981 2187 1069 2237 subito.
1086 2190 1114 2236 Et
1130 2191 1164 2238 sic
1178 2199 1215 2238 est
1260 2232 1265 2241 .

181 2272 271 2321 inaruit.
293 2288 340 2319 non
361 2280 483 2331 curantes,
509 2286 592 2334 parum
608 2272 682 2318 inter·
713 2272 797 2320 inira.
812 2272 1065 2337 Concipimusfnrias,
1073 2275 1214 2339 flammam,

182 2366 403 2422 amputaverunt,
418 2355 568 2420 legereturne
582 2357 683 2421 colligit
714 2357 813 2420 similia,
835 2359 861 2406 in
877 2357 964 2424 quibus
984 2375 1077 2424 semper
1094 2369 1129 2408 est
1148 2363 1214 2409 notia

181 2445 347 2508 enconoepit:
362 2443 463 2506 colligit
476 2450 556 2489 autem
570 2457 619 2489 esse
633 2459 680 2490 scr·
714 2443 860 2506 celeritatis,
880 2453 908 2491 ut
932 2445 968 2492 in·
982 2446 1125 2510 colligimus
1149 2463 1214 2496 mora

181 2529 298 2592 vandum,
316 2530 372 2594 quia
393 2529 418 2576 iu
435 2525 544 2575 omnibus
560 2526 620 2575 MSS.
639 2544 680 2593 ap·
712 2537 841 2592 spectatur.
860 2529 943 2594 ltaque
956 2539 1021 2579 recte
1039 2530 1130 2581 dictum
1137 2534 1212 2595 flom-

181 2627 258 2682 paret.
280 2615 403 2664 Ostendam
426 2615 501 2679 igitur
525 2614 626 2677 colligit
650 2612 680 2662 ali
713 2630 753 2661 ena
769 2615 869 2680 colligit
884 2617 951 2678 iras,
966 2633 1026 2678 non,
1041 2618 1062 2665 si
1073 2618 1151 2681 ignem
1165 2619 1214 2667 saci
1263 2617 1265 2619 ’

179 2703 275 2750 Horatio
288 2719 335 2749 non
348 2701 451 2767 potuisse
465 2697 545 2752 scribi.
556 2700 624 2746 Iram
633 2701 680 2772 σοί-Ι
713 2698 838 2762 admoves,
865 2701 906 2748 fax
929 2702 1030 2766 colligit
1051 2703 1147 2766 ignem,
1172 2702 1214 2752 sed

179 2790 243 2852 ligit
258 2789 279 2835 is
295 2789 348 2852 qui,
365 2795 442 2834 sumto
459 2785 540 2849 aliquo
558 2795 677 2850 tempore,
710 2786 827 2849 cmteepit.
846 2786 952 2851 Longum
969 2797 1004 2835 est
1019 2803 1142 2848 enarrare,
1156 2800 1213 2853 quot

180 2890 271 2922 caussas
283 2870 400 2922 irascendi
411 2887 504 2932 omnes,
516 2869 579 2917 unde
588 2879 679 2934 potest,
713 2872 857 2936 interpretes
874 2871 903 2920 de
919 2871 963 2919 illo
980 2871 1114 2920 discrimine
1126 2875 1214 2922 utrius·

178 2961 268 3024 repetit
281 2968 306 3006 et
319 2956 498 3017 meditatur‚ac
512 2953 607 3002 tandem
620 2957 679 3003 iram
712 2973 758 3022 que
788 2955 855 3006 verbi
885 2958 910 3008 in
936 2956 1082 3023 explicandis
1106 2969 1214 3008 veterum

178 3060 284 3106 omnem,
301 3045 336 3091 ita
351 3041 488 3103 collectam,
504 3038 616 3088 effundit.
635 3041 681 3088 Lu·
712 3044 807 3107 scriptis
826 3051 852 3090 et
873 3041 1024 3091 diiudicanda
1039 3037 1095 3092 vera
1111 3044 1214 3095 lectione

177 3131 266 3180 cretius
282 3129 308 3191 1,
323 3129 378 3177 723.
402 3129 442 3175 nic
459 3127 568 3174 Aetnaea
583 3128 679 3173 minon-
711 3143 758 3175 non
772 3128 938 3192 cogitaveriut3
954 3146 983 3176 ne
996 3127 1103 3178 inbonis
1116 3130 1213 3196 quidem

177 3224 220 3265 tur
240 3217 385 3276 Marmara,
402 3214 560 3277 flammarum
576 3226 676 3260 rursum
707 3213 800 3260 Lericis
821 3211 884 3261 iilud
903 3223 968 3261 recte
985 3212 1134 3263 observatum
1154 3215 1211 3265 fuit.

175 3305 202 3351 ci
216 3304 331 3367 colligere
347 3302 419 3361 irus,
439 3299 562 3368 Faucibus
577 3304 677 3361 eruptos
708 3296 754 3345 Sed
775 3314 844 3348 nemo
864 3299 913 3346 iam
934 3315 981 3348 non
1003 3301 1124 3365 percipit,
1151 3304 1212 3350 mam

95 3433 100 3442 ‚
174 3391 267 3437 iterum
284 3389 325 3436 nis
341 3394 371 3435 at
390 3391 471 3433 comet
486 3384 580 3448 igneis.
604 3383 678 3430 Luca·
709 3381 844 3431 huiusmodi
861 3383 1055 3447 praemeditatam
1074 3396 1146 3434 etex
1159 3386 1211 3434 lon-

174 3475 255 3537 nusI,
270 3477 326 3523 207.
342 3474 409 3520 sicut
422 3470 592 3533 squalentibus
603 3469 684 3537 arcis
707 3484 737 3532 go
753 3470 878 3516 collectam
894 3486 940 3517 non
957 3487 1023 3534 posse
1038 3469 1114 3519 tribui
1122 3486 1209 3535 puero.

174 3560 315 3621 Aestiferae
337 3558 427 3621 Libyes
447 3556 501 3602 uiso
517 3555 553 3601 leo
569 3555 680 3601 caninas
710 3553 754 3601 Hic
776 3555 835 3602 iram
858 3562 947 3602 teenere
963 3557 1085 3620 concepit,
1107 3572 1212 3622 quacun

175 3645 243 3693 hoste
263 3645 379 3692 Snlsidit
399 3643 502 3702 dubins,
522 3646 599 3687 totam
618 3640 675 3687 dum
707 3655 753 3704 quc
775 3637 805 3686 de
828 3656 907 3688 caussa
928 3639 966 3688 vel
987 3643 1066 3706 potius
1087 3640 1117 3689 de
1140 3641 1209 3692 nullu

174 3731 273 3794 colligit
286 3731 358 3778 iram.
372 3728 438 3777 idem
451 3727 538 3788 11,3e.
551 3724 580 3772 dc
589 3726 674 3788 Mario,
707 3723 786 3772 subito
799 3725 962 3773 inflammatur
975 3735 1000 3773 et
1012 3728 1128 3790 erumpit,
1137 3729 1210 3777 sicuti

173 3817 218 3883 qui
233 3813 315 3864 sedens
331 3818 357 3864 in
377 3816 453 3862 ruinis
468 3805 614 3875 Carthaginis
631 3811 675 3858 Li·
707 3810 786 3874 pulvis
818 3813 902 3877 pyrius
932 3827 961 3858 ex
986 3812 1083 3859 minima
1108 3811 1209 3876 igniculi

174 3903 245 3966 wear
259 3904 314 3948 iras
330 3901 436 3964 colligit.
455 3897 560 3945 Valerius
577 3895 673 3943 Flaccus
705 3895 819 3944 scintilla.
834 3896 918 3943 Verum
932 3895 1007 3959 igitur
1023 3897 1050 3943 in
1062 3896 1158 3946 Horatio
1173 3908 1209 3947 est

172 3988 295 4050 imese.
320 3987 500 4047 Cunctatnrqne
518 3997 604 4045 snper,
623 3997 671 4029 noo-
704 3981 825 4044 cmccepit,
849 3995 896 4027 non
911 3981 1019 4044 colligit.
1045 3980 1112 4044 Quod
1127 3994 1208 4032 autem

171 4075 303 4136 minaeque
323 4071 424 4137 colligit
439 4071 502 4117 iras·
525 4059 671 4115 Burmannus
703 4065 814 4114 nonnulli
836 4064 884 4114 huc
907 4064 1011 4114 retulere
1033 4065 1117 4117 Silium
1142 4068 1208 4118 ltali-
