2752 4844
173 391 214 453 24
377 401 381 407 ·
433 385 647 450 uounrrr
679 385 923 447 urrsrori

205 591 246 664 Et
266 613 353 662 nova
370 589 515 683 ficteque
533 613 643 685 nuper
662 586 840 660 habebunt
862 585 965 659 verba
988 586 1111 679 fidem,
1135 588 1164 657 si

174 811 262 859 ratium
273 810 391 874 scripsisse
405 818 476 874 puto:
486 811 592 858 Dixeris
602 825 670 875 egre·
702 818 763 858 nato
782 825 829 859 oar
850 816 889 858 est
903 815 1047 871 poetarum,
1071 806 1198 854 tamenin

171 899 230 962 gie,
247 904 331 944 notum
346 897 372 944 si
387 897 477 943 callida
492 897 590 944 carlum
605 896 669 944 lied·
700 911 729 943 eo
748 895 877 943 licentiam
899 899 984 940 statuo
1006 892 1123 940 maiorem
1146 905 1199 938 esso

174 984 271 1032 diderit
291 984 410 1030 iunctura
424 998 530 1042 noouno,·
560 984 605 1045 Si,
630 983 674 1030 uli
697 981 870 1042 faciendorum
890 959 1112 1044 iungendorumpuc
1127 992 1200 1026 eoca-

167 1072 240 1131 forte
251 1087 345 1119 necesse
356 1077 406 1132 est,
415 1070 524 1118 Iudiciis
533 1076 679 1116 monstrare
705 1070 821 1117 bulorurn.
841 1070 870 1115 lit
884 1084 904 1116 e.
915 1067 956 1115 29.
976 1067 1046 1131 Ergo
1058 1069 1102 1114 ille
1116 1067 1200 1114 tenuis

175 1159 315 1205 recentibus
338 1159 424 1205 obdita
440 1170 534 1215 rement,
560 1155 670 1218 dingere
702 1162 797 1216 orator,
815 1154 882 1201 modo
897 1154 935 1200 sit
950 1153 1049 1216 elegans
1061 1168 1104 1200 nec
1120 1155 1150 1200 in
1155 1153 1201 1213 fa·

177 1245 300 1291 cinctutis
329 1259 377 1290 nen
406 1241 525 1311 eremita
558 1241 675 1305 Cethegis
706 1242 804 1289 ciendis
825 1242 907 1290 cerlis
927 1239 979 1286 erit
1003 1239 1100 1301 andan,
1125 1240 1202 1287 etin

178 1331 330 1394 Contigerit.
353 1328 459 1392 Optime,
479 1327 544 1392 quod
560 1327 590 1376 ad
605 1329 674 1376 Lati·
708 1328 888 1388 transferendis
900 1327 1061 1388 oerecundus,
1072 1333 1099 1372 et
1107 1342 1201 1389 pareas

176 1420 279 1467 nitatem
288 1416 389 1476 attinet,
399 1423 583 1463 connectuntur:
595 1416 674 1462 Diue—
705 1417 735 1462 in
746 1417 850 1478 priscis.
868 1416 897 1462 Et
913 1431 933 1463 c.
945 1416 986 1463 52.
1009 1414 1061 1460 Est
1072 1413 1138 1459 enim
1151 1415 1202 1461 Iso·

177 1504 216 1550 ris
244 1502 358 1566 egregie,
384 1501 410 1547 si
430 1500 569 1547 reddiderit
591 1526 625 1535 —
648 1503 674 1548 si
705 1508 800 1564 cretes,
818 1509 849 1549 ut
864 1504 894 1548 in
907 1500 1089 1560 transferendis
1098 1500 1203 1560 socien-

178 1590 324 1654 contigerit.
353 1582 458 1652 optime,
481 1585 545 1653 quad
568 1586 598 1636 ad
619 1605 676 1636 sen·
708 1589 794 1652 disque
816 1591 898 1637 cerlis
925 1589 1098 1651 tranquillior,
1120 1588 1157 1634 sie
1173 1587 1203 1632 in

180 1681 287 1727 tentiam.
314 1678 400 1725 Tenuis
426 1686 450 1725 et
475 1687 558 1726 cautus
580 1688 630 1726 esto
651 1680 676 1726 iu
709 1680 775 1742 ipsis
786 1679 897 1726 numeris
909 1676 1026 1724 sedatior.
1038 1673 1103 1723 Idem
1113 1673 1142 1722 de
1151 1673 1205 1721 Ora-

179 1764 276 1814 delectu
292 1763 427 1813 verborum.
446 1763 590 1812 Laudaberis
608 1767 679 1812 etiam
713 1774 762 1812 tore
772 1764 819 1827 Ill,
831 1766 871 1813 38.
888 1762 1203 1823 Nooenturouterneerba,

180 1854 201 1901 si
214 1868 300 1900 novum
315 1850 414 1899 verbum
428 1867 470 1915 per
484 1853 675 1916 compositionem
708 1866 768 1914 qnae
784 1852 813 1898 ab
832 1867 858 1898 eo
874 1852 918 1914 qui
933 1851 999 1898 dicit
1013 1850 1068 1913 ipso
1089 1850 1205 1914 gignun-

182 1938 282 1994 feceris;
305 1934 455 1997 laudaberis,
473 1938 506 1997 si,
525 1934 619 2000 quando
634 1953 680 1982 ne·
713 1942 755 1981 tur
772 1950 799 1981 ac
808 1937 887 1995 fiunt.
902 1936 935 1982 De
950 1936 1033 1986 Partit.
1051 1937 1113 1984 Orat.
1128 1953 1148 1984 c.
1163 1937 1205 1984 21.

179 2037 243 2093 cesse
261 2029 310 2081 est,
333 2019 431 2069 verbum
448 2021 519 2086 plane
535 2037 622 2068 novum
638 2030 678 2067 at·
713 2021 833 2069 Utendum
852 2025 903 2070 erit
924 2025 962 2071 iis
977 2025 1007 2071 in
1024 2025 1134 2071 aratione
1149 2024 1207 2071 sin-

179 2122 225 2171 que
250 2099 320 2153 dntee
344 2106 493 2169 inauditum,
525 2108 603 2155 facere
629 2105 676 2154 tihi
705 2108 820 2172 guloranc
837 2110 962 2158 eerborunt
974 2112 1132 2176 insignibus,
1146 2127 1207 2174 quae

179 2194 315 2257 contigerit.
344 2194 372 2240 Et
394 2193 438 2242 hoe
456 2192 502 2242 tibi
518 2190 675 2255 concedetur,
709 2195 1104 2258 hobentplurinucrnsuaaitatis,
1116 2199 1205 2260 idest,

180 2279 201 2326 i
211 2278 314 2326 modeste
325 2280 418 2330 feceris.
438 2282 465 2329 In
478 2281 521 2328 illo
537 2283 562 2328 si
574 2268 680 2328 modiste
712 2287 742 2327 ut
757 2281 843 2340 scotis
863 2284 944 2330 verbis
962 2292 1008 2332 ant
1029 2287 1138 2333 vetustis
1162 2292 1208 2333 aut

173 2367 287 2429 feceris,
304 2368 352 2415 iam
365 2366 493 2414 difficultas
505 2365 638 2426 indicatur,
653 2375 681 2411 ut
715 2368 849 2413 translatis
862 2368 1010 2431 frequenter
1032 2379 1141 2421 utantur.
1173 2372 1207 2418 De

121 2489 123 2493 -
181 2453 334 2517 intelligatur
354 2455 388 2500 sic
410 2453 458 2500 dici
471 2467 518 2499 uon
532 2467 612 2514 posse,
634 2451 683 2497 tibi
714 2449 811 2499 Finibus
825 2453 872 2515 111,
885 2456 925 2502 15.
949 2455 1009 2503 Cum
1017 2459 1209 2507 utereturZeno

181 2541 317 2603 emetinget.
338 2538 415 2603 Igitur
431 2548 481 2586 tum
499 2535 593 2584 demum
610 2551 678 2600 egre·
710 2538 740 2583 in
756 2539 844 2602 lingua
860 2542 956 2603 copiosa
964 2541 1050 2601 factis
1068 2551 1149 2592 tamen
1166 2561 1208 2593 no.

178 2626 225 2690 gie
241 2625 356 2686 diaetis,
381 2625 402 2672 si
418 2621 564 2686 contigerit.
595 2618 680 2668 Eadem
712 2622 822 2670 minibus
843 2639 872 2671 ac
887 2627 966 2675 novis.
992 2629 1021 2674 Et
1038 2630 1137 2677 iterum:
1160 2630 1211 2680 Sed
1237 2634 1239 2638 ’

182 2709 247 2759 modi
267 2709 399 2758 observatio
425 2708 452 2755 in
475 2704 630 2772 sequentibus
654 2706 680 2752 si
711 2722 760 2754 non
780 2709 891 2756 alienum
912 2719 964 2774 cst,
989 2715 1153 2797 quesnellius
1168 2719 1209 2765 vie

183 2797 289 2845 cadant:
310 2812 353 2862 pro
375 2810 422 2859 que
443 2791 504 2841 mule
525 2794 552 2842 in
567 2792 621 2841 aliis
636 2808 681 2840 ca·
712 2795 781 2842 verbi
796 2797 974 2862 intelligatur,
996 2802 1118 2849 rotimeern
1134 2803 1210 2850 leuius

184 2884 243 2933 dent
258 2885 297 2933 vel
316 2883 415 2932 cadunt.
713 2883 783 2929 uerbi
804 2883 921 2944 faciendi
945 2890 1057 2938 Zenonis
1081 2906 1207 2955 exponere.

217 2972 256 3018 Et
271 2985 333 3018 nova
340 2971 452 3031 fictaque
466 2983 544 3032 nuper
560 2969 678 3019 utemur
710 2968 801 3018 Gellius
817 2971 886 3035 Xlll,
904 2975 943 3022 15.
962 2976 1014 3033 Qui
1027 2979 1099 3026 verba
1114 2980 1208 3026 Latina

185 3057 257 3103 verba
262 3056 348 3116 fidem.
366 3056 441 3104 ruta
455 3056 527 3103 rerba
536 3052 628 3102 habent
638 3054 678 3102 Ge·
702 3055 834 3121 fecemcnt,
845 3061 934 3124 quique
944 3063 986 3110 ltis
993 3066 1068 3126 probe
1081 3066 1124 3114 usi
1131 3073 1204 3127 sunt,

185 3138 249 3188 dices
275 3141 362 3202 nostri,
389 3150 417 3188 ut
442 3139 557 3189 editiones
581 3157 674 3199 omnes;
710 3139 882 3193 humanitatem
898 3148 1083 3211 appellaverunt
1104 3152 1134 3200 id
1145 3167 1208 3215 pro-

185 3236 250 3274 recte
266 3225 376 3292 qudem,
393 3228 415 3276 si
430 3227 477 3277 alio
491 3228 542 3276 loeo
559 3236 627 3276 esset.
649 3227 680 3275 m
708 3231 853 3296 perardum,
880 3236 943 3298 quod
965 3240 1055 3287 Graeci
1077 3237 1209 3288 amdam

187 3328 251 3362 nunc
267 3329 337 3362 versu
355 3312 442 3364 abhinc
458 3316 534 3365 altero
550 3332 683 3381 praecesse·
715 3325 810 3368 vocant.
832 3319 868 3369 Ita
886 3321 969 3372 Graeci
988 3324 1070 3375 dicunt
1087 3325 1210 3385 ὀνόματα

186 3411 225 3450 rat
239 3399 320 3449 eodem
333 3405 512 3468 sensnfingcre.
527 3402 681 3467 Quamobrem
713 3410 801 3471 neustr
816 3415 840 3454 et
853 3410 1029 3474 πεποιημένα.
1047 3413 1207 3464 BENTLEIVS.

187 3503 218 3537 ue
241 3496 289 3536 tam
312 3488 396 3553 putide
420 3491 563 3555 repetitione
587 3489 686 3539 nitidis·
751 3493 976 3563 Egofictapropter
990 3514 1152 3547 enmeaussam
1168 3515 1211 3549 re·
1290 3532 1294 3537 ·

189 3576 273 3624 simum
297 3591 390 3623 carmen
407 3575 554 3637 maculetur,
571 3573 685 3623 adscisci·
716 3577 846 3642 tinuerim,
872 3592 969 3647 propter
994 3600 1064 3649 quam
1088 3585 1210 3635 Bentleius

188 3679 240 3711 mus
265 3663 417 3711 certissimam
441 3662 581 3725 lectionem,
612 3678 683 3729 quam
714 3665 740 3712 in
748 3665 824 3726 facta
839 3671 949 3719 mutavit.
968 3671 1088 3736 Repetitio
1105 3671 1210 3722 eiusdem

190 3749 293 3798 Fabricii
309 3747 402 3798 Codices
415 3749 635 3799 subministrarunt:
647 3752 685 3798 Et
716 3753 785 3802 verbi
800 3771 847 3803 non
862 3754 930 3804 modo
946 3742 1021 3806 habet
1036 3760 1098 3822 vim,
1112 3758 1154 3808 sed
1170 3760 1210 3810 hie

129 3883 145 3901 Ι
187 3851 250 3883 nora
262 3826 382 3900 factdqac
398 3853 475 3902 nuper
491 3838 610 3885 Mlelunt
625 3852 682 3884 oer-
714 3839 786 3888 etiarn
807 3841 950 3906 postulatur.
980 3845 1079 3909 Egregie
1107 3843 1208 3910 dixeris,

189 3924 219 3971 ba
231 3924 324 3985 fidem,
345 3925 372 3970 si
394 3925 484 3972 Graeco
496 3923 682 3984 fonteeadent.
715 3925 806 3990 inquit,
821 3927 842 3975 si
854 3942 913 3976 nova
925 3927 972 3978 tibi
984 3928 1100 3978 vocabule
1108 3933 1209 3996 fingere

187 4007 267 4057 cicero
280 4009 307 4057 in
318 4007 413 4058 Oratore
427 4028 448 4060 c.
459 4011 500 4060 20.
519 4011 574 4075 Ego
585 4017 680 4073 autem,
714 4014 854 4077 eontigerit:
868 4024 940 4081 atque
953 4015 1013 4066 haec
1026 4016 1073 4068 tibi
1082 4019 1151 4067 venia
1167 4017 1208 4068 da·

185 4096 290 4144 etiami
310 4096 459 4160 qaornrmenc
471 4096 580 4162 gmndis
595 4101 622 4143 et
637 4109 679 4142 or-
709 4093 790 4159 bitur,
806 4097 972 4149 sivereeunde
986 4102 1079 4151 leceris.
1098 4100 1207 4166 lingere
