2752 4844
523 370 582 432 aa
616 370 831 430 PISONES.

200 572 245 641 Ut
265 574 382 665 gratas
396 573 483 642 inter
506 593 637 642 mensas
655 570 853 667 symphonia
875 569 1019 663 discors,

200 689 240 759 Et
253 715 402 762 crassum
416 691 637 785 unguentum,
651 697 686 761 et
698 690 803 762 Sardo
816 715 895 762 cum
907 692 1007 763 melle
1019 713 1181 787 papaver,

200 809 405 898 Offendunt3
426 817 559 906 poterat
576 809 656 881 duci
677 810 757 904 quia
778 833 880 881 coena
903 812 973 882 sine
996 811 1084 879 istis:

201 927 271 1019 Sic,
296 930 414 999 animis
430 937 547 999 uatum
569 930 810 1023 inventumque
831 952 949 1023 poema
970 927 1139 1019 iuvandis,

175 1139 201 1180 at
223 1140 345 1197 torquem:
368 1135 448 1197 Tolle,
473 1134 573 1196 inquit,
596 1133 670 1195 hacc,
702 1133 795 1197 phania
811 1133 921 1196 discors,
946 1131 1051 1182 sednon
1067 1140 1103 1180 est
1120 1146 1199 1180 necas-

171 1217 205 1265 ad
218 1219 330 1266 amnitem
345 1220 462 1282 quendam
475 1233 552 1282 prope
568 1218 669 1266 adstan-
701 1219 796 1266 sarium.

173 1310 235 1366 tem
262 1312 291 1352 tu
312 1306 355 1369 qui
376 1306 550 1353 Themistocles
570 1320 618 1352 non
634 1319 671 1366 es..
734 1305 773 1352 Et
799 1319 909 1352 crassum
929 1310 1091 1369 unguentum.
1118 1301 1199 1367 Neque

172 1389 249 1455 Atque
270 1388 326 1439 hius
349 1389 514 1456 explicandum
533 1399 591 1455 puto
607 1388 670 1438 illud
703 1389 827 1455 epitheton
848 1406 958 1439 crassum
976 1390 1153 1456 perseipsum
1170 1385 1201 1435 ad

172 1474 308 1524 Plautinum
324 1475 607 1539 htl.ttlor.11,m,22.
629 1476 670 1523 Ve—
701 1474 909 1541 reprehensionem
950 1477 1067 1542 unguenti
1104 1474 1200 1523 sufficit.

174 1576 229 1610 rum
254 1563 321 1610 enim
348 1569 377 1610 tu
400 1564 494 1624 istam,
524 1565 550 1610 si
574 1569 599 1610 tc
622 1562 672 1611 Dii
703 1562 763 1612 Huic
793 1562 874 1627 placet
895 1571 1044 1627 unguentum
1066 1559 1201 1626 liquidum,

173 1656 270 1710 ament,
288 1656 376 1697 tornare
392 1648 458 1696 haud
469 1649 543 1696 tollas
547 1648 669 1708 fabulam.
702 1647 742 1697 illi
764 1664 880 1710 crassum,
907 1657 931 1695 et
947 1645 1066 1712 placebit,
1089 1647 1110 1693 si
1125 1646 1203 1710 ipsum

174 1732 229 1782 Siue
247 1731 354 1781 subulam
367 1734 459 1795 iacere,
480 1750 510 1781 ne
527 1733 600 1796 tolle,
619 1732 673 1781 nul·
705 1731 773 1782 mado
795 1742 943 1799 unguentum
969 1733 1000 1781 sit
1021 1730 1118 1779 honum.
1140 1732 1204 1796 Ipso-

175 1817 227 1867 lum
242 1819 268 1866 in
284 1835 312 1867 ea
328 1828 471 1866 momentum
487 1835 556 1884 pone.
706 1835 759 1867 rum
774 1819 931 1867 Romanorum
948 1820 975 1866 e'a
988 1817 1017 1866 de
1030 1834 1056 1866 re
1070 1833 1117 1865 nan
1130 1832 1203 1864 unum

210 1904 243 1951 Ut
260 1911 351 1968 gratas
367 1906 436 1952 inter
451 1920 548 1953 mensas
564 1906 674 1970 spmpho·
705 1905 815 1971 idemque
826 1915 877 1953 erat
884 1887 1008 1953 iudicium.
1017 1903 1127 1951 Horatius
1135 1919 1204 1950 suum

174 1991 220 2037 nia
236 1989 339 2039 discors.
364 1990 465 2039 Eandem
482 1991 624 2039 senteutiam
639 1991 673 2039 sic
705 2008 753 2039 nau
768 2001 832 2040 recte
850 1990 956 2056 postulat
969 1991 1039 2037 unice
1053 2005 1102 2037 esse
1113 2004 1202 2037 verum.

176 2075 292 2140 expressit
316 2075 395 2123 Cicero
419 2075 448 2123 de
469 2075 564 2124 Oratore
584 2077 612 2139 l,
632 2077 673 2126 2³.
707 2076 797 2124 Plinius
812 2076 873 2126 Hist.
887 2076 940 2124 Nat.
953 2075 1022 2138 Xlll,
1036 2077 1059 2124 3.
1085 2075 1206 2133 Quasdam

175 2162 263 2228 Itaque
277 2164 306 2209 c'n
318 2161 479 2223 iisartidus,
490 2163 618 2223 inquibus
627 2177 675 2209 nan
707 2162 847 2210 crassitudo
867 2154 974 2209 monime
995 2161 1119 2222 delectat,
1141 2161 1205 2223 spis·

84 2268 87 2272 *
176 2248 280 2295 utilitas
300 2247 431 2309 quaeritur
450 2248 606 2309 necessario,
631 2246 674 2294 sed
704 2262 759 2294 sum
775 2247 942 2310 appellantes:
968 2246 1063 2308 linique
1075 2246 1142 2307 iam,
1158 2260 1206 2292 nme

176 2333 257 2380 animi
284 2333 363 2380 libero
386 2331 503 2395 quaedam
527 2333 672 2395 oblectatio,
706 2333 783 2380 solum
796 2333 918 2396 pcrfiendi
938 2333 1074 2397 unguentis
1086 2331 1206 2396 gaudent.

177 2433 249 2481 quam
264 2417 402 2482 diligenter
417 2424 444 2465 et
458 2433 530 2481 quam
540 2432 618 2482 prope
629 2417 675 2477 fa·
707 2418 783 2481 Quare
800 2419 906 2482 suspicor
921 2434 964 2483 pro
980 2432 1091 2466 crassum
1103 2416 1153 2482 legi
1167 2416 1207 2465 de·

176 2503 282 2552 stidiase
305 2499 468 2552 iudicamus?
497 2501 561 2550 ldem
582 2504 610 2566 l,
631 2505 672 2552 61.
705 2501 763 2551 bere
786 2502 853 2552 aliud
875 2502 1036 2566 adjectivum,
1055 2519 1102 2569 quo
1120 2503 1207 2575 yitium

176 2589 304 2653 Aquites
325 2591 391 2637 enim
412 2590 481 2637 nihil
491 2596 596 2653 promer
610 2591 676 2637 voiu-
707 2589 826 2655 unguenti
841 2587 961 2637 indicetur
978 2605 1114 2653 commune,
1133 2605 1208 2655 aquo

175 2683 272 2740 ptatam
293 2677 393 2724 camum
416 2676 563 2738 quaeritur,
587 2676 617 2722 in
640 2676 678 2722 iis
711 2690 789 2723 omues
800 2675 851 2721 sine
862 2674 1001 2738 exceptione
1014 2672 1151 2723 abhorrent.
1160 2675 1208 2723 Hoc

177 2761 327 2824 aſj‘cnditur,
341 2761 419 2808 mutui
431 2767 504 2823 atque
516 2761 678 2808 imminuitur
710 2757 853 2808 adiectivum
878 2757 1038 2824 quaerendum
1063 2768 1099 2807 est
1119 2758 1158 2807 vel
1182 2760 1209 2808 iu

178 2846 278 2908 aliquid
299 2846 329 2893 de
349 2847 480 2908 aohtptato.
506 2845 534 2892 lu
555 2846 673 2893 sententia
704 2845 918 2911 nominepropria,
932 2845 1077 2892 utSardum
1090 2847 1151 2907 mel,
1169 2844 1209 2893 vel

179 2930 306 2979 Horatiana
324 2928 430 2995 aliquid,
452 2946 489 2977 me
508 2928 618 2994 quidem,
641 2931 677 2978 af·
708 2931 735 2979 in
750 2932 844 2979 nomine
858 2930 989 2979 inventoris
1001 2940 1044 2978 aut
1060 2932 1209 2994 mercatoris,

180 3014 267 3066 sendit.
285 3015 311 3064 Si
319 3013 428 3064 dixisset:
441 3024 470 3063 ut
483 3013 624 3081 symphonia
632 3014 679 3064 dis-
710 3015 749 3064 vel
765 3018 792 3064 in
806 3016 938 3079 communi,
955 3014 1018 3082 quad
1034 3014 1108 3064 hahet
1121 3017 1211 3081 signifi·

181 3098 232 3152 cors
254 3112 278 3150 et
302 3117 404 3151 crassum
425 3110 574 3166 unguentum
595 3110 620 3150 et
638 3117 680 3167 pa·
712 3104 828 3151 rationem
844 3102 950 3163 faetidi.
983 3100 1042 3150 Mihi
1067 3101 1161 3155 nullum
1185 3103 1212 3151 in

179 3205 252 3254 parer
274 3204 328 3236 cum
350 3186 421 3235 melle
447 3184 518 3235 Sardo
540 3185 678 3250 offendunt,
712 3197 815 3236 mentem
832 3189 906 3237 venit.

181 3277 238 3341 quia
254 3275 305 3323 sine
327 3274 385 3339 ipsis
397 3274 477 3321 vivere
496 3289 630 3338 possumus;
649 3283 684 3321 ta-
749 3273 793 3321 Sic
814 3274 909 3321 animis
932 3280 1019 3323 natum
1039 3274 1212 3340 inventumque

183 3377 269 3410 cerem.
299 3361 384 3408 Verum
406 3361 549 3423 symphonia
570 3359 682 3423 discors,
710 3360 931 3423 poemaiuaandis.
943 3361 1039 3409 Natum
1047 3360 1136 3410 dicitur
1144 3379 1211 3410 amne

182 3462 229 3494 uon
245 3444 354 3513 modain
371 3461 460 3507 coena,
477 3443 519 3492 sed
535 3443 639 3509 ubique,
655 3447 681 3494 in
714 3442 752 3506 id,
774 3442 838 3510 quod
862 3461 904 3493 sua
926 3456 1012 3495 natura
1032 3457 1113 3512 aptum
1136 3456 1171 3494 est
1188 3455 1213 3494 et

183 3534 247 3581 amni
267 3534 317 3582 vita
341 3529 456 3589 offendit3
477 3532 584 3595 grumos
604 3540 684 3579 autem
716 3528 916 3579 accommodatum
937 3534 987 3595 rei,
1010 3531 1103 3598 deque
1119 3533 1212 3597 agitur,

183 3618 209 3666 in
231 3633 302 3665 coena
324 3615 433 3666 offendit.
458 3616 534 3681 Atque
556 3614 601 3664 hoc
623 3615 682 3664 mihi
714 3614 778 3681 quod
799 3615 906 3665 homines
924 3634 971 3665 nan
993 3616 1144 3680 didicerunt,
1166 3633 1214 3665 non

183 3702 274 3767 requiri
286 3701 389 3752 videtur.
403 3700 510 3750 uultus
523 3711 546 3750 et
560 3699 679 3749 auluts
711 3702 869 3765 invenerunt,
879 3701 921 3750 sed
933 3703 963 3750 iis
976 3704 1028 3768 ipsa
1036 3702 1125 3750 Natura
1138 3701 1212 3751 dedit.

183 3804 231 3836 non
255 3786 324 3835 valde
348 3786 472 3837 differunt.
495 3788 625 3853 Legamus:
651 3787 683 3835 [tt
714 3786 787 3835 Nemo
808 3804 854 3836 non
870 3789 937 3836 novit
953 3786 1025 3835 verbe
1040 3787 1155 3837 Ciceronis
1170 3804 1214 3853 pra

184 3875 291 3939 grauius
319 3875 388 3920 inter
416 3888 514 3921 mensas
540 3873 684 3938 symphonia
715 3873 799 3922 Milo'ne
813 3874 838 3920 4.
857 3873 908 3920 Est
923 3874 1008 3936 igitur
1021 3874 1140 3921 haecum
1152 3875 1215 3922 scri·

190 3961 293 4009 discors.
330 3959 459 4021 Potuisset,
481 3957 559 4006 verbis
583 3969 687 4024 transpa-
715 3966 777 4023 pta,
791 3957 835 4005 sed
851 3965 913 4005 nata
929 3958 984 4005 lec:
999 3974 1071 4021 quam
1086 3975 1134 4008 nan
1149 3960 1215 4010 didi-

186 4049 246 4098 sitis:
267 4047 300 4093 Ut
315 4061 412 4093 mensas
427 4047 607 4109 intergram'us
620 4062 682 4110 spm-
715 4048 807 4108 cimus,
825 4045 973 4108 occepimus,
992 4046 1110 4110 tegimus,
1129 4063 1212 4096 verum
