2752 4844
178 421 230 489 ,68
455 419 666 482 HOHATII
697 420 945 482 EPISTOLA

222 624 360 694 Rectius
380 624 518 694 lliacum
539 645 675 701 carmen
698 620 836 692 deducis
859 623 902 691 lna
917 629 1033 713 aetus,

184 862 270 912 quam,
293 862 353 912 quae
372 855 455 911 patent
471 844 591 903 omnihus3
610 861 690 911 quem·
723 861 753 892 ex
766 843 854 906 Iliade,
870 844 909 892 vel
926 845 973 892 alio
991 843 1098 909 exemplo
1112 845 1157 891 iam
1172 852 1219 891 tra·

185 930 310 980 admodum
327 931 408 979 domus
424 941 467 979 aut
484 948 540 996 ager
553 932 603 978 sine
617 929 690 978 domi·
722 938 794 977 ctato.
817 928 914 977 Publica
935 939 971 977 est
988 930 1031 978 illa
1051 939 1075 978 et
1092 930 1220 977 communis

185 1034 216 1065 no
231 1018 358 1064 communis
372 1026 421 1080 est,
438 1026 565 1081 occupatus
577 1017 691 1064 veroium
723 1016 846 1076 materies,
869 1016 998 1062 communis
1022 1015 1088 1077 fons,
1113 1014 1175 1062 uude
1196 1022 1220 1061 et
1241 996 1243 1000 ὗ

185 1103 296 1167 proprius
316 1103 358 1159 sit;
377 1104 412 1150 ita
428 1112 453 1149 et
466 1119 504 1149 res
520 1101 613 1148 anullo
627 1099 691 1148 dicta
723 1109 751 1147 tu
767 1099 862 1147 haurire
876 1101 960 1165 possis,
978 1117 1099 1148 commune
1112 1110 1220 1165 pratum,

186 1190 347 1236 omamuais.’'
363 1187 432 1234 Vides
445 1185 564 1251 duplicem
581 1185 688 1250 etplane
721 1184 784 1232 unde
807 1195 831 1233 et
854 1185 901 1232 tihi
921 1185 991 1233 flores
1012 1185 1136 1251 decerpere
1153 1187 1220 1234 licet.

187 1275 326 1321 contrariam
334 1273 488 1334 sententiam,
499 1272 691 1319 corurnum'aesse
724 1271 846 1318 Personam
860 1271 930 1335 plane
940 1287 1037 1333 novam,
1052 1271 1145 1336 aliquid
1154 1288 1221 1320 num-

184 1360 316 1405 matem'am
332 1358 361 1404 ab
377 1358 440 1404 aliis
455 1357 604 1419 descriptam
620 1365 645 1402 et
660 1356 689 1402 ab
721 1371 791 1420 quam
812 1366 937 1420 expertum
959 1366 983 1403 et
1002 1366 1120 1404 tentatum
1139 1374 1221 1405 scenae

184 1445 247 1491 aliis
262 1459 308 1490 aare
325 1443 482 1506 descriptam.
505 1441 614 1506 Plerique
631 1442 685 1488 novi
718 1442 879 1503 committere,
902 1452 938 1489 est
956 1443 1116 1490 temerarium.
1144 1444 1221 1506 Haec,

186 1531 342 1593 interpretes,
359 1530 406 1576 nisi
420 1544 510 1589 omnes,
525 1528 645 1591 accipiunt
660 1525 688 1573 de
721 1535 794 1591 puto,
813 1527 904 1575 estloci
920 1529 1045 1576 sententia.
1068 1529 1127 1591 Quia
1141 1538 1221 1575 autem

184 1616 283 1662 materia
298 1613 401 1662 nondum
415 1631 428 1661 a
442 1629 560 1679 quoquam
574 1622 686 1674 tractata,
720 1621 768 1659 tam
790 1615 940 1660 temerarium
959 1624 995 1661 est
1011 1615 1116 1678 proferre
1133 1615 1222 1678 ignota

187 1698 262 1767 quae,
279 1710 398 1765 tamquam
414 1702 438 1747 in
455 1699 636 1747 lococommuni
649 1715 690 1763 po·
723 1706 747 1745 et
768 1698 879 1760 indicta,
909 1698 963 1746 ideo
984 1699 1094 1748 Horatius
1118 1698 1180 1747 dixit
1196 1698 1222 1745 si

186 1788 249 1848 sita,
274 1785 412 1851 aqualibet
429 1786 481 1849 capi
496 1793 519 1832 et
537 1783 591 1831 tolli
604 1784 686 1848 possit.
720 1783 802 1831 audes.
831 1784 880 1831 lam
904 1784 999 1849 linguae
1025 1784 1218 1833 consuetudinem

187 1870 314 1936 Sequentia
330 1872 422 1918 Horatii
436 1869 509 1917 verha
525 1885 566 1916 nos
583 1869 633 1915 fere
650 1869 686 1915 ita
717 1877 813 1931 specta,
846 1878 871 1915 et
899 1885 1044 1918 eernmuaem
1071 1873 1219 1933 misterium,

186 1957 418 2021 explicarecogunt.
441 1956 499 2002 Nam
515 1956 536 2001 si
552 1954 687 2000 umalama
719 1968 840 2000 commuue
853 1962 1024 2017 argumentum
1038 1957 1170 2021 significare
1186 1958 1222 2004 vi-

188 2051 266 2090 essent
286 2043 338 2087 e'am
359 2042 388 2088 ab
409 2041 472 2087 aliis
489 2045 611 2099 tractata,
634 2036 689 2084 suh·
722 2035 788 2085 dehis
812 2037 837 2085 id
861 2040 923 2101 quod
941 2056 956 2086 a
977 2041 1066 2088 sauleis
1087 2049 1223 2089 tractatum

185 2128 254 2192 iungi
274 2143 321 2174 non
342 2135 451 2191 poterant
471 2127 531 2172 ista:
549 2124 584 2171 Tu
600 2125 689 2171 rectius
721 2131 774 2186 est,
798 2125 837 2171 cui
853 2127 981 2196 opponitur
993 2128 1140 2189 proprium,
1157 2129 1223 2174 iate·

184 2214 295 2276 sequeris
324 2227 421 2259 cumaea
450 2212 571 2272 Iliacum,
599 2210 687 2275 quippe
717 2225 806 2274 grum,
824 2212 961 2273 intactam,
976 2228 1075 2274 aevum,
1090 2213 1222 2262 indictum.

185 2298 248 2365 quod
264 2300 311 2346 iam
324 2298 436 2345 Homerus
450 2298 599 2358 tractaverit,
616 2312 687 2361 quam
719 2296 837 2361 Meleager
852 2298 878 2344 in
896 2314 1004 2345 coronam
1019 2298 1080 2364 legit
1093 2298 1163 2347 llores
1179 2315 1223 2347 un·

185 2386 345 2449 si·proserres
364 2385 453 2448 primus
470 2385 559 2446 ignoto
580 2388 605 2427 ct
620 2381 689 2427 indi·
721 2379 792 2445 dique
818 2399 847 2428 ex
868 2392 975 2429 veterum
992 2383 1067 2430 hortis
1084 2383 1222 2449 decerptos,

184 2477 233 2518 cta.
251 2468 296 2516 Sed
309 2476 421 2531 apparet,
437 2454 580 2526 credo,non
593 2473 686 2512 tantum
719 2473 744 2510 et
766 2464 839 2511 dixit:
866 2466 979 2523 μύσταις
1005 2467 1102 2524 Κοινὸς
1128 2467 1142 2515 ὁ
1168 2469 1223 2518 τῶν

185 2572 215 2603 ex
231 2562 281 2600 tota
297 2553 350 2599 loci·
360 2551 492 2611 sententia,
509 2547 549 2596 sed
566 2549 638 2595 etiam
656 2565 684 2595 ex
718 2546 847 2597 Messalae
871 2549 995 2616 ἡδυεπὴς
1015 2551 1150 2610 στέφανος.
1178 2554 1222 2604 Cui

182 2641 279 2704 linguae
293 2635 473 2698 consuetudine,
487 2635 624 2682 omnraum'a
636 2651 683 2681 non
716 2633 780 2681 dicto
796 2635 883 2684 similia
897 2635 1012 2701 quaedam
1034 2641 1157 2687 annotavit
1168 2639 1221 2688 Val-

184 2741 251 2791 posse
268 2724 357 2788 accipi,
373 2724 420 2770 nisi
436 2720 465 2769 de
478 2722 682 2785 muteriaamlgo,
716 2719 825 2769 ckenaer.
843 2720 873 2768 ad
890 2723 969 2787 liurip.
995 2724 1090 2789 Hippol.
1113 2742 1146 2774 vs.
1171 2713 1236 2790 73,Ι

186 2828 202 2859 a
213 2811 349 2876 plurumis,
364 2815 480 2856 tractata.
498 2808 554 2854 Loci
570 2807 688 2854 sententia
720 2804 838 2854 πλεκτὸν
873 2808 1002 2865 στέφανον
1032 2809 1058 2864 ἐξ
1087 2811 1222 2878 ἀκηράτου

184 2896 244 2945 haec
262 2907 309 2945 est:
327 2895 353 2942 Si
365 2896 483 2942 inveneris
499 2909 634 2958 personam,
651 2909 688 2939 ar·
721 2890 855 2951 λειμῶνος.
882 2894 1000 2943 luvenalis
1013 2895 1089 2964 Satyr.
1112 2899 1221 2962 vl1‚53.

185 2993 324 3048 gementum
350 2979 518 3045 Tragoedias,
537 2994 635 3042 sequere
659 2978 685 3025 in
717 2977 839 3026 Horatium
855 2982 986 3044 respexisse
1000 2981 1106 3032 videtur:
1123 2984 1171 3032 Sed
1182 2999 1223 3031 aa·

186 3066 308 3116 formando
332 3066 398 3114 illius
423 3065 557 3113 charactere
581 3072 685 3111 veterem
720 3071 768 3110 tem
789 3067 931 3129 egregium,
951 3069 994 3114 oui
1012 3085 1059 3116 aaa
1072 3071 1110 3117 sa't
1121 3071 1223 3134 publiea

186 3154 327 3213 Historiam,
356 3152 494 3212 Homerum,
525 3149 628 3215 Cyclicos
662 3157 687 3195 et
719 3165 794 3210 oeae,
817 3151 868 3207 Qui
883 3153 924 3199 aie
938 3156 1077 3216 expositum
1092 3157 1169 3203 soleret
1184 3155 1223 3202 de·

186 3240 308 3303 Tragicos:
326 3237 378 3298 vel,
393 3238 413 3284 si
421 3245 497 3284 mutas
505 3251 617 3300 personae
635 3244 690 3282 tuae
723 3234 825 3296 umere,
855 3252 898 3284 aec
924 3240 968 3301 qui
993 3240 1119 3287 Garamam
1136 3240 1224 3300 ser‘e'at

187 3324 363 3384 characterem,
383 3324 417 3370 sio
439 3331 518 3383 muta,
540 3330 569 3367 ut
590 3336 689 3384 persona
720 3335 817 3367 camera
839 3323 943 3370 triviale
962 3332 1066 3372 moneta.
1090 3325 1117 3373 ln
1134 3324 1222 3389 quibus

188 3410 236 3460 sibi
258 3409 389 3456 conueniat.
412 3406 437 3454 Si
453 3423 508 3454 vero
524 3422 601 3470 neque
620 3405 690 3454 indu·
717 3406 819 3469 publica
836 3411 1006 3456 eteemmum's
1022 3409 1119 3457 eandem
1132 3408 1223 3458 hahent

186 3513 240 3544 cere
264 3494 325 3542 velis
346 3508 469 3558 personam
492 3491 582 3554 talem,
610 3491 688 3556 qualis
720 3491 966 3555 significationem;et
979 3496 1117 3558 sepositum
1130 3495 1223 3560 aliquid

185 3584 233 3632 iam
247 3581 362 3629 aGraecis
377 3587 480 3626 tractata
492 3587 541 3639 est,
556 3593 633 3642 neque
649 3575 690 3624 hic
721 3577 835 3625 deducere
859 3579 935 3626 refert
955 3579 1017 3627 illud
1033 3581 1147 3628 deducere
1169 3598 1223 3630 car-

188 3669 240 3717 illic
260 3684 274 3715 a
295 3676 320 3714 te
336 3673 465 3726 mutatam,
488 3662 529 3712 sed
545 3662 631 3710 audeas
646 3663 690 3709 fin-
722 3677 778 3710 mea
792 3664 898 3711 Iliacum
912 3665 942 3711 ira
957 3672 1036 3713 aetus.
1061 3665 1094 3714 Ac
1110 3669 1170 3715 scire
1182 3683 1223 3716 ve·

189 3770 244 3819 gere
258 3753 328 3817 plane
345 3766 443 3810 novam,
464 3749 573 3814 inprimis
589 3749 645 3795 cu'ra
660 3756 689 3794 ut
720 3745 777 3809 lim,
800 3747 844 3796 uhi
868 3750 1003 3797 exstiterint
1024 3750 1068 3799 illa
1088 3756 1223 3802 cummunio

190 3839 311 3888 character
335 3853 407 3885 novae
430 3834 497 3883 illitas
521 3849 633 3899 personae
658 3831 688 3880 ad
720 3833 944 3898 argumenta,unde
958 3837 1010 3899 peti
1023 3846 1048 3884 et
1061 3838 1224 3905 formaripot=

190 3925 263 3972 inrum
279 3932 397 3984 servetur,
411 3921 489 3987 qualis
505 3919 535 3968 ab
551 3921 621 3968 initio
638 3935 691 3983 pro·
723 3921 803 3967 uerint
819 3935 893 3967 aevae
911 3921 978 3969 istae
997 3939 1012 3970 a
1028 3925 1121 3972 nemine
1145 3924 1222 3972 adhuc

190 4009 294 4058 cesserit.
317 4007 362 4055 Sed
383 4009 471 4056 rectius
492 4007 596 4072 sequeris
611 4014 693 4053 vetera
724 4014 839 4053 tractatae
866 4009 999 4071 personae?
1030 4009 1101 4057 Nulla
1124 4008 1222 4057 historia

191 4092 314 4157 exempla,
336 4101 362 4140 et
377 4093 451 4141 facies
468 4090 614 4157 tragoediam
630 4106 654 4139 vs
668 4105 688 4137 e.
722 4088 860 4153 praebebat.
893 4092 980 4142 Graeca
1015 4104 1066 4143 erat
1098 4092 1221 4144 exhausta.
