2752 4844
537 404 596 462 An
628 404 844 469 PISONES.
1143 405 1197 464 141

209 610 294 680 Saxa
314 634 449 681 movere
474 632 556 679 sono
579 608 772 704 testudiniS,
798 617 832 680 ct
856 633 956 704 preco
979 608 1104 680 blanda

175 829 308 881 condebant
321 832 416 895 urbem,
435 849 486 881 eam
499 831 673 900 plerumqnein
705 844 770 882 runt.
803 833 850 881 Iste
872 833 951 897 locus,
979 837 1022 901 qni
1043 836 1115 883 etiam
1141 848 1204 882 nunc

174 915 226 965 loco
249 917 349 966 editiore
373 916 492 984 ponebant
514 929 539 967 et
565 929 674 967 naturam
706 921 764 966 arba
780 919 929 985 appellatur,
946 924 1065 968 nominata
1078 918 1108 967 ab
1124 920 1154 968 iis
1168 929 1204 967 est

174 1013 226 1051 arte
243 1013 268 1051 et
284 1019 354 1069 opere
365 1002 495 1066 juvabant,
513 1002 571 1053 adeo
587 1015 616 1053 ut
630 1022 671 1053 ve·
703 1005 800 1054 ainata.
817 1005 908 1055 Circum
916 1004 1083 1068 hancurbem,
1095 1004 1203 1068 Lindius,

174 1089 304 1138 tristissima
320 1088 414 1138 urbium
435 1106 490 1155 pars
504 1089 585 1140 eadem
601 1090 672 1155 vulgo
705 1090 749 1139 alii
771 1090 855 1140 deinde
872 1091 964 1154 coloni,
989 1090 1086 1140 aliunde
1108 1092 1203 1140 venien·

174 1185 235 1224 esset
263 1176 433 1238 munitissime,
461 1176 670 1242 appellarctnrqne
704 1186 754 1239 tes,
781 1176 890 1226 aedificia
920 1187 1094 1240 construentes,
1119 1192 1203 1225 novam

174 1260 316 1328 ἀκρόπολις
330 1271 354 1310 et
367 1277 421 1310 ara.
439 1261 524 1310 Addita
536 1277 595 1310 nova
604 1272 671 1327 parte
704 1261 787 1310 urbem
801 1262 969 1326 aedificarunt,
984 1273 1014 1329 et,
1022 1263 1203 1329 appellaverunt

174 1346 204 1396 eh
220 1345 365 1413 Amphione,
381 1349 506 1396 iamerent
519 1347 673 1412 όααοατόοο,
706 1349 787 1396 Gelam
802 1366 816 1396 a
832 1348 930 1397 flumine
947 1332 1011 1397 Gela.
1026 1349 1062 1397 lta
1075 1366 1121 1396 non
1134 1346 1202 1397 modo

173 1431 236 1482 unde
262 1433 360 1482 fluxisse
384 1439 442 1498 puto
461 1449 547 1482 nomen
568 1433 670 1499 plurale.
703 1443 772 1483 vetus
793 1433 921 1499 oppidum,
945 1434 1039 1497 Lindii,
1063 1433 1106 1483 sed
1131 1436 1204 1483 etiam

173 1520 224 1567 Non
240 1520 303 1568 enim
321 1519 423 1584 amplius
442 1528 496 1567 'erat
515 1520 607 1577 Πιολια,
630 1518 671 1567 sed
702 1536 762 1568 nova
786 1536 840 1585 pars
863 1537 911 1568 uno
940 1521 1034 1567 nominc
1065 1519 1130 1569 dicta
1153 1521 1204 1569 suit

174 1606 275 1654 Πιοόοο.
297 1605 349 1668 Sic,
366 1604 443 1652 veluti
459 1603 543 1666 credo,
558 1615 582 1651 et
596 1605 672 1668 Syra·
706 1605 779 1664 (ἔτλας
796 1621 843 1652 non
858 1607 948 1668 Gelae,
972 1606 1029 1670 quia
1051 1615 1120 1653 vetus
1143 1608 1203 1654 Gela

173 1707 232 1741 oasa
249 1700 273 1739 et
289 1692 442 1755 Syracusae,
459 1699 484 1738 et
503 1689 602 1740 Athana
624 1690 672 1739 fuit
704 1706 750 1737 non
768 1691 855 1738 fuerat.
870 1689 928 1738 Urbs
941 1700 1021 1739 autem
1035 1690 1098 1738 dicta
1112 1701 1203 1740 estnon

173 1777 362 1842 antiquissimum
391 1792 475 1824 nomen
508 1792 522 1824 a
555 1777 671 1823 Minerva
702 1776 809 1838 Diades,
827 1775 868 1824 sed
876 1777 975 1824 Liaaii.
993 1776 1095 1841 Populus
1108 1787 1133 1825 et
1145 1775 1202 1825 urbs

172 1860 285 1928 Ἀθήνη
307 1861 436 1928 appellata,
469 1860 571 1909 Tlesens
594 1862 670 1910 varias
702 1877 772 1926 saepe
796 1860 886 1910 habent
909 1862 973 1911 idem
996 1879 1089 1911 nomen.
1119 1862 1203 1912 Caussa

172 1957 252 2014 partes
265 1947 350 1997 deiude
364 1949 499 2005 coniunxit3
515 1946 573 1995 hino
589 1947 671 2013 appel·
702 1947 762 1996 haec
779 1957 828 1996 est:
846 1965 917 2013 ager,
930 1950 956 1996 in
969 1965 1015 2015 quo
1028 1947 1203 1997 habitantlin·

172 2034 222 2083 lata
236 2035 354 2083 Athenae.
369 2032 668 2099 PlutarchnsinPelopida
701 2032 752 2095 dii,
779 2044 814 2082 est
835 2033 980 2084 Lindiorum.
1014 2035 1148 2083 Proficiscor
1172 2033 1203 2082 ad

173 2122 205 2169 18
228 2123 274 2169 ista
295 2118 368 2186 probe
393 2128 504 2180 noverat,
524 2134 598 2183 quum
614 2120 670 2166 scri·
702 2135 791 2183 agarem
803 2121 950 2169 Laodioram
963 2128 988 2168 et
998 2120 1142 2168 adIa'ada'as
1154 2137 1202 2168 non

172 2204 255 2254 heret:
273 2207 321 2262 τὰς
337 2205 389 2270 γὰρ
411 2202 569 2269 ἀκροπόλεις
585 2202 670 2251 ἔπιει-
702 2202 793 2252 differt.
818 2205 949 2269 Nota-snut
969 2205 1013 2253 illa
1030 2206 1057 2253 ἓν
1069 2204 1202 2271 Πέρσαις,

172 2289 223 2348 κῶς
256 2289 282 2339 οἱ
311 2290 377 2340 τότε
403 2288 495 2344 πόλεις
523 2286 669 2351 ὠνόμαζον.
702 2288 915 2352 iaSabiais‚alia.
930 2289 1014 2338 Eadem
1027 2290 1140 2357 loquendi
1148 2307 1202 2339 con·

172 2375 277 2443 Thucyd.
300 2377 335 2438 H,
359 2377 397 2423 15.
422 2373 547 2424 καλεῖται
564 2370 596 2421 δὲ
622 2372 669 2422 διὰ
702 2373 802 2423 suetudo
819 2373 848 2422 ad
861 2377 933 2423 ανόοο
948 2377 1050 2425 transiit.
1068 2378 1128 2424 Urbs
1141 2378 1201 2425 λίνι-

172 2464 223 2527 την
248 2461 367 2511 παλαιὰν
396 2459 487 2525 ταὺτη
516 2459 670 2524 κατοίκησιν
702 2459 798 2508 diorum
807 2469 831 2507 et
839 2461 930 2509 tandit
937 2461 1107 2528 intelliguntur
1115 2461 1199 2526 iidem,

172 2549 244 2614 καλή
259 2546 401 2615 ἀκρόπολις
417 2545 497 2611 μέχρι
510 2545 610 2594 τούτου
628 2543 669 2594 ἔτι
703 2543 775 2612 idque
789 2545 853 2611 apud
865 2556 957 2595 veteres
974 2564 1001 2595 eo
1015 2548 1124 2611 facilius,
1144 2551 1201 2615 quia

173 2634 227 2685 ὑπὸ
244 2633 403 2700 Ἀθηναίων
419 2631 505 2688 πόλις.
522 2631 599 2697 Atque
613 2630 669 2680 hinc
703 2647 750 2679 una
773 2630 830 2680 urbs
851 2649 920 2697 saepe
939 2642 1013 2681 totam
1032 2636 1151 2683 civitatem
1176 2644 1200 2682 ct

173 2719 326 2787 explicandus
345 2727 381 2766 est
398 2717 460 2766 alter
476 2717 542 2764 locus
561 2715 667 2782 Thucyd.
701 2725 796 2781 gentem
816 2716 943 2766 efficiebat.
968 2717 1034 2767 Talia
1050 2720 1076 2766 in
1092 2719 1200 2768 omnibus

172 2806 214 2867 vt,
239 2807 269 2866 4,
291 2804 319 2853 ‹lc
341 2801 401 2852 urbe
426 2801 494 2849 Gela:
518 2799 609 2850 Γέλαν
635 2798 667 2849 δὲ
699 2800 773 2864 locis,
794 2804 921 2868 praecipue
944 2805 970 2852 in
991 2803 1072 2853 Sicilia
1089 2815 1113 2852 et
1128 2805 1201 2854 Italia

172 2889 339 2954 Ἀντίφημος
360 2889 387 2936 ἐκ
408 2885 515 2955 ‘Parios
538 2887 584 2934 καὶ
599 2884 668 2935 Ἔν·
700 2887 871 2950 inveniuntur,
889 2890 1013 2951 Leontini,
1034 2891 1113 2952 Locri,
1137 2889 1199 2938 Thn-

173 2994 248 3034 τιμος
268 2975 296 3023 ἐκ
321 2971 431 3039 Κρήτης
455 2972 575 3028 ἐποίκους
597 2970 667 3035 ἀγα·
700 2973 743 3021 rii:
767 2984 795 3022 ut
812 2975 884 3023 mirer
902 2974 1040 3023 Salmasium
1058 2974 1088 3023 ad
1105 2975 1198 3024 Florum

173 3063 267 3126 μόντις
288 3063 363 3125 κοινῇ
383 3056 506 3117 ἔκτισαν,
525 3054 581 3108 ἔτει
597 3057 669 3117 πέμ-
700 3058 728 3121 1,
750 3072 787 3123 11,
809 3063 944 3126 scripsisse,
969 3061 1037 3109 nulla
1057 3061 1198 3111 Graecarum

172 3164 230 3214 πτῳ
247 3149 292 3197 καὶ
309 3143 512 3213 τεσσαρακοστῷ
522 3145 592 3205 μετὰ
606 3143 667 3194 Σο·
699 3143 795 3193 urbium
808 3149 906 3219 nomina
919 3149 945 3195 in
959 3165 982 3195 οι
997 3149 1126 3196 terminari.
1141 3148 1199 3198 Itali

172 3235 308 3304 ρακουσῶν
322 3231 423 3282 ολκισιν,
434 3231 480 3279 καὶ
492 3235 528 3296 τῇ
534 3227 583 3290 μὲν
590 3229 669 3280 πόλει
701 3230 731 3279 acl
744 3230 842 3280 eandem
857 3235 972 3281 rationem
993 3233 1073 3282 dixere
1089 3235 1198 3299 Corioli,

172 3321 291 3370 ἀπὸτοῦ
312 3318 388 3367 Γέλα
405 3317 529 3376 ποταμοῦ
547 3314 667 3376 τοῦνομα
702 3317 774 3379 Vati,
797 3319 884 3381 Gabii,
907 3321 1001 3384 proprie
1026 3321 1077 3386 ipsa
1099 3321 1198 3387 populo·

172 3407 291 3471 ἐγένετο,
309 3407 341 3455 τὸ
365 3401 397 3454 δὲ
414 3400 518 3470 χωρίον’
539 3386 570 3451 οὗ
583 3403 633 3452 νῦν
652 3402 670 3467 ἦ
703 3418 756 3449 rum
776 3405 879 3452 nomina.
904 3405 1002 3453 Nomina
1020 3405 1134 3471 gentilia,
1155 3408 1198 3455 Co·

171 3493 248 3550 πόλις
268 3492 342 3551 ἐστὶ,
371 3489 448 3540 salii
470 3487 576 3554 πρῶτον
600 3487 671 3538 ἓτει-
703 3489 809 3550 riabaaa',
829 3490 954 3555 Veientes,
971 3492 1076 3553 Gabini,
1090 3500 1144 3539 sunt
1161 3508 1198 3539 rc·

173 3579 272 3643 χλσθη,
289 3578 398 3627 Λίνδιοι
419 3575 551 3625 καλεῖται.
563 3613 566 3620 .
576 3572 669 3640 Thucy·
702 3575 806 3622 centiora
828 3583 853 3622 et
868 3575 924 3624 ficta
938 3593 952 3624 a
965 3575 1091 3639 Romanis,
1116 3585 1144 3624 ut
1161 3578 1197 3624 in-

172 3663 251 3727 dides,
272 3675 300 3712 nt
321 3681 402 3730 saepe,
424 3662 537 3711 obscurus
555 3670 598 3709 est.
624 3660 667 3708 Pro
701 3659 803 3708 colasab
817 3660 916 3710 urbibus
930 3661 1111 3728 distmguerent.
1129 3661 1214 3710 Aliae·

171 3750 292 3806 ἓπολκους
307 3752 384 3821 magis
397 3750 521 3814 perspicue
537 3747 668 3812 scripsisset
699 3747 806 3795 nationes
828 3746 912 3796 deinde
935 3765 964 3796 ex
984 3746 1119 3796 nominibus
1140 3763 1208 3813 gen--

172 3837 305 3893 ιίποίκους.
323 3837 380 3884 Nam
396 3835 475 3896 locus,
493 3850 539 3900 qno
558 3849 612 3881 cunr
628 3848 666 3880 co·
698 3834 759 3881 tium
780 3834 859 3881 secere
881 3836 975 3882 nomina
993 3831 1096 3882 urbium.
1123 3833 1196 3897 Quam

170 3923 232 3971 lonis
257 3937 357 3982 venere,
386 3935 433 3967 non
463 3928 514 3966 erat
537 3916 666 3966 habitatus.
700 3916 783 3966 urbem
810 3917 910 3966 Romani
932 3917 1048 3966 vocabant
1069 3919 1196 3968 Lutetiam

170 4007 326 4073 Antiphernns
343 4014 367 4054 et
383 4005 488 4052 Entimus
508 4004 591 4051 urbam
615 4019 668 4051 con·
701 4003 873 4065 Parisiorum,
890 4001 949 4051 haec
971 4001 1055 4051 deinde
1075 4005 1196 4071 appellata

172 4092 283 4143 diderunt
305 4106 403 4156 eamque
419 4089 492 4137 muris
508 4086 666 4137 circumdetis·
699 4098 734 4137 est
745 4088 853 4137 Parisii.
864 4090 902 4137 lta
917 4105 947 4137 ex
961 4088 1093 4139 Ambiaais
1106 4093 1207 4140 sactum,
