2752 4844
499 388 563 467 art
590 408 808 470 rrsours.
1106 413 1160 473 131

174 609 246 681 Neu
267 631 409 703 pransae
430 609 549 679 lamiae
570 611 683 680 vivum
705 633 850 704 puerum
874 609 1026 683 extrahat
1047 613 1133 684 alvo.

173 727 352 798 Centuriae
372 728 542 798 seniorum
562 729 689 821 agitant
710 730 858 823 expertia
883 729 1008 824 frugis,
1084 715 1088 724 ’

173 845 261 916 Celsi
282 852 496 940 praetercunt
513 854 645 917 austera
669 856 823 941 poemata
847 847 1031 919 Rhamnes:

173 963 281 1034 Omne
305 964 385 1047 tulit
405 972 591 1058 punctum,
617 966 677 1058 qui
700 966 836 1036 miscuit
858 966 942 1037 utile
967 966 1081 1057 dulci,

174 1081 348 1153 Lectorem
372 1081 569 1154 delectando
594 1084 787 1177 pariterque
807 1082 985 1154 monendo.
1075 1151 1076 1154 ,
1110 1107 1113 1113 ’

174 1200 239 1270 Hic
255 1208 361 1271 meret
388 1224 463 1271 aera
488 1200 575 1271 liber
598 1201 721 1295 Sosiis,
745 1201 802 1272 hic
821 1210 856 1272 et
875 1225 967 1273 mare
987 1203 1126 1293 transit,

173 1318 214 1388 Et
233 1319 374 1412 longum
392 1326 474 1403 noto
496 1319 652 1416 scriptori
677 1328 837 1415 prorogat
861 1345 991 1391 aevum.

173 1437 261 1509 Sunt
286 1436 406 1507 delicta
431 1444 561 1528 tamen,
587 1419 714 1532 quilius
738 1440 903 1533 ignovisse
925 1439 1085 1509 velimus:

172 1557 257 1629 Nam
277 1577 388 1649 neque
406 1555 532 1627 chorda
551 1580 672 1628 sonum
693 1557 823 1650 reddit,
846 1582 948 1651 quem
969 1556 1045 1627 vult
1065 1579 1137 1625 ma-

875 1698 941 1746 nus
968 1684 1003 1746 et
1026 1697 1140 1763 meus,

174 1791 396 1885 Poscentiquc
420 1816 555 1897 gravem
579 1814 740 1890 persaepe
761 1794 901 1864 remittit
921 1801 1080 1879 acutum,
1110 1837 1113 1841 -

177 1910 244 1982 Nee
262 1933 393 2004 semper
412 1910 522 2002 feriat,
540 1908 781 2006 quodcumque
800 1911 1001 2002 minabitur,
1022 1932 1140 1981 arcus.

176 2028 318 2119 Varum,
334 2028 395 2100 ubi
406 2029 507 2125 plura
517 2031 625 2100 nitent
637 2031 673 2098 iu
689 2031 852 2120 carmine,
866 2052 935 2101 uon
947 2053 1010 2124 ego
1022 2030 1140 2126 paucis

176 2147 338 2217 Offendar
362 2147 524 2237 maculis,
551 2155 716 2240 quaeant
738 2148 869 2218 incuria
894 2147 1003 2239 fudit,

177 2390 205 2439 Iu
220 2389 267 2438 MS.
288 2387 505 2438 Breuekmuuniuuo
521 2391 593 2438 etiam
608 2389 644 2438 le·
675 2387 713 2454 11,
723 2391 841 2455 pug.l⁰8,
850 2400 875 2438 et
882 2387 1030 2456 Oudendorp.
1039 2388 1070 2439 ad
1077 2389 1176 2441 Sueten»

92 2512 94 2519 .
145 2478 223 2541 gitur,
239 2491 283 2539 aa,
299 2475 342 2524 sed
356 2477 428 2524 velit.
676 2473 707 2523 de
722 2475 814 2525 Illustr.
827 2475 955 2526 Grummut.
968 2479 993 2525 2.
1006 2476 1087 2526 Horat.
1100 2477 1176 2526 darm.

175 2563 232 2611 Nou
246 2577 356 2627 pransae
374 2563 464 2609 lamiae
481 2562 566 2609 vivum
582 2575 643 2625 pae-
674 2559 745 2624 1132.
765 2562 945 2609 Viveteutento
959 2561 1104 2610 Proculeius
1119 2576 1178 2610 aevo

143 2664 198 2696 man
221 2649 339 2696 eutrahot
364 2648 426 2696 alvo.
468 2645 643 2712 Cunmghamue
674 2645 998 2706 Notcsc'nsratrosoaimi
1009 2649 1124 2710 paterni.
1147 2650 1177 2698 ln

145 2733 286 2783 roniieiebat
322 2715 405 2780 araim
436 2734 498 2781 alvo.
541 2731 569 2780 In
593 2731 640 2781 MS.
674 2729 766 2779 duobus
780 2729 843 2780 MSS.
865 2730 1028 2780 D’Orvilliuuie
1049 2741 1113 2780 erut:
1139 2734 1178 2780 Et

143 2819 316 2867 Breuckmuuni
331 2817 420 2883 legitur
429 2819 513 2879 cetat,
527 2815 591 2882 quod
598 2833 641 2882 pro
674 2819 773 2882 longam
794 2824 854 2864 notu
866 2817 988 2880 arreptori
1001 2824 1122 2882 prorogat
1137 2831 1178 2865 aa¹

144 2906 228 2952 cariat
243 2904 357 2968 scriptum
373 2901 477 2950 videtur.
499 2901 592 2950 Nomai
609 2917 644 2949 ee-
677 2892 742 2950 ouria

144 2999 182 3038 eet
206 3005 249 3054 pro
273 2994 358 3050 coeat,
383 2987 434 3052 legi
453 2985 552 3035 deberet
573 2988 646 3034 eiuro
710 2987 876 3049 Poscentiqce
888 3001 991 3052 paona
1001 3000 1121 3052 persaepe
1140 3002 1181 3036 re-

143 3090 208 3139 pcor
220 3075 366 3122 creatalvo.
382 3071 429 3120 Sed
444 3071 512 3121 nulla
529 3081 565 3120 eut
580 3087 647 3121 eauc-
678 3074 766 3120 mittit
783 3080 890 3122 uectum.
924 3073 1018 3121 Frustra
1038 3075 1064 3122 in
1079 3060 1187 3139 quidum

144 3177 183 3224 aa,
201 3176 243 3208 eur
260 3158 383 3224 vulgatum
393 3166 520 3208 mutemus.
677 3156 866 3220 rauranum,
884 3167 910 3206 et
922 3161 1042 3224 remugit.
1054 3161 1178 3208 demittit

177 3246 229 3295 lito
240 3251 318 3293 naret
329 3259 388 3292 acro
401 3244 464 3291 liber
478 3244 568 3292 Sosiis.
585 3244 646 3307 Qua·
678 3252 731 3305 est,
753 3243 858 3308 quadiu
879 3245 955 3309 primo
976 3243 1058 3293 Odurio
1078 3244 1180 3294 Anacre-

145 3341 200 3380 tuor
214 3330 275 3380 MSS.
293 3329 390 3395 Cruquii
411 3330 489 3378 Sosio.
521 3328 560 3377 Sic
577 3337 642 3378 certe
674 3328 736 3376 ontis
757 3327 847 3394 legitur
870 3328 1026 3388 ἀντεφώνεν.
1052 3325 1180 3391 ”Haesura

145 3414 347 3481 pronuntiandum
368 3424 412 3463 est.
446 3413 503 3462 Num
525 3415 601 3479 prima
617 3415 644 3462 in
675 3413 762 3479 νεῦρα
791 3413 900 3480 πρώην,
931 3414 990 3464 Καὶ
1017 3417 1069 3480 τὴν
1094 3414 1179 3481 λύρην

146 3504 230 3551 Sosiis
250 3501 398 3568 producitur.
439 3498 515 3548 Codex
543 3499 647 3548 Brenok·
679 3499 795 3549 ἅπασαν.
820 3499 906 3566 Κᾴγὼ
926 3497 974 3561 μὲν
987 3488 1056 3566 ᾖδον
1075 3498 1181 3557 ἄλλους

147 3589 243 3635 manui:
260 3588 312 3635 IIic
326 3593 404 3635 meret
418 3601 477 3633 aera
493 3586 646 3647 libersolus,
679 3580 858 3651 Ἡρακλέους·
877 3585 946 3653 λύρη
959 3583 990 3635 δὲ
999 3583 1122 3652 ’Ἔρωτας
1134 3584 1181 3635 ἂν·

148 3681 173 3719 et
188 3688 202 3720 u
216 3689 286 3720 mauu
302 3671 404 3721 secunda
417 3672 498 3720 soliis.
677 3669 800 3729 τεφώνει.
818 3671 990 3737 (temperandus
1003 3671 1044 3720 hie
1056 3680 1182 3736 praeterea

179 3757 218 3804 Et
235 3758 334 3821 lorrgum
355 3764 412 3805 noto
432 3756 552 3820 arreptori
559 3770 646 3819 proro-
678 3764 714 3804 est
730 3755 796 3805 locus
808 3757 926 3805 Ciceronis
939 3755 967 3804 de
977 3756 1071 3804 Oratore
1079 3754 1178 3819 111‚e7.

144 3848 302 3908 gotnorum.
318 3842 415 3904 Notou,
437 3859 466 3888 ne
484 3842 537 3907 quie
553 3841 649 3888 tenuius
682 3843 813 3905 Totumque
834 3857 921 3905 corpus
937 3841 1060 3903 tonino,
1076 3849 1107 3890 ut
1125 3843 1181 3891 eius

147 3937 231 3993 putet,
257 3927 375 3991 signifieat
398 3928 556 3990 celebratum,
581 3925 651 3990 digi-
682 3928 762 3973 munis
782 3927 884 3988 vultus,
901 3940 1027 3988 manesque
1042 3938 1127 3990 voces,
1151 3935 1182 3977 ct

149 4016 187 4062 tis
202 4019 380 4074 menandrum,
397 4013 442 4074 qai
461 4019 501 4059 est
520 4013 550 4058 in
570 4011 646 4058 omui·
678 4012 750 4058 nervi
765 4012 795 4057 in
807 4010 922 4073 fidibus,
944 4012 985 4058 itu
1000 4019 1102 4074 coruunt,
1118 4021 1150 4062 ut
1164 4029 1181 4059 a

148 4115 189 4147 um
197 4115 245 4150 ore.
259 4097 316 4146 Vide
330 4097 457 4146 Burmann.
472 4096 502 4146 ud
514 4095 610 4146 Authol.
622 4096 648 4146 T.
681 4103 749 4144 motu
760 4097 1098 4161 animiquo'quueuntpnlea.
1114 4098 1181 4199 qve
