2752 4844
193 415 231 479 12
450 409 941 480 flotat11ua1stott

220 620 289 710 Qui
312 618 439 690 variare
462 621 558 714 cupit
581 645 652 694 ram
675 616 906 717 prodigialiter
929 640 1052 709 unam,

192 828 315 878 ercbaa
328 827 461 891 impetam,
477 843 520 878 nec
534 829 625 878 Cacsar
639 841 679 874 ca·
710 824 788 876 verbis
798 834 822 891 et
830 823 907 872 literis
919 824 1011 888 agitur,
1020 825 1200 891 opponiaspero

190 915 278 976 toran,
297 927 341 960 aec
358 913 508 962 Hortensius
522 915 680 963 distributio·
711 920 736 959 ct
748 913 844 974 scabro,
858 919 886 958 nt
900 907 971 958 λεῖον
983 919 1008 958 et
1020 910 1148 976 λειότητα
1164 916 1201 977 τῇ

188 1016 261 1064 uam,
291 1016 334 1048 uec
364 1000 452 1048 Caluus
474 1005 609 1068 argutias,
636 1017 681 1050 aec
711 1000 879 1067 apagicpra:
897 987 959 1046 idem
975 999 1052 1046 minus
1067 1009 1131 1047 recte
1145 1015 1200 1064 pag.

184 1089 365 1154 parsimoniam
386 1088 538 1155 Sallustius,
559 1106 603 1138 uec
624 1105 680 1152 apo-
711 1088 761 1136 eat
784 1085 907 1136 contendit
933 1082 1095 1136 Bentleianum
1122 1101 1201 1134 emen·

190 1177 295 1240 haheat
311 1175 402 1222 Cicero.
437 1175 498 1237 Quid
523 1177 595 1242 ergo?
620 1175 682 1223 Satis
714 1174 833 1227 dationem
863 1195 911 1226 non
939 1172 998 1221 adeo
1020 1188 1067 1220 essa
1097 1181 1200 1234 certam,

190 1262 238 1312 iam
250 1261 343 1326 opinior
355 1274 472 1324 superque
484 1259 555 1309 fidem
568 1262 679 1322 fecimus,
712 1265 768 1328 qnia
781 1265 874 1313 levitas
890 1273 915 1313 et
927 1256 1049 1326 quaelihet
1061 1259 1146 1306 nitorit
1161 1275 1202 1307 ⁰11·

190 1366 238 1399 non
250 1349 328 1409 haia,
341 1361 423 1393 verum
436 1346 504 1392 tenio
519 1345 630 1411 deinceps
642 1346 682 1395 hic
714 1364 741 1396 ra
761 1351 901 1414 gravitatem
920 1358 945 1399 et
960 1351 1008 1398 vim
1028 1349 1140 1396 orationis
1154 1364 1202 1395 non

190 1429 351 1500 reponendum
373 1446 435 1488 essc;
452 1432 474 1478 ti
486 1447 567 1495 sapere
586 1430 681 1481 tandem
712 1437 790 1485 minus
806 1438 898 1486 emollit
913 1447 937 1486 et
954 1446 1066 1499 onomat,
1083 1452 1154 1502 quam
1170 1436 1203 1484 lc·

190 1520 313 1572 audebunt
329 1518 438 1568 editores.
460 1516 619 1567 BENTLEIVS.
712 1523 792 1572 uitas,
813 1523 929 1588 Primum,
953 1531 982 1570 nt
1002 1523 1070 1585 dixi,
1093 1521 1204 1569 Horatius

224 1607 345 1656 Verissime
369 1604 506 1664 Brittannos
522 1605 624 1653 correxit
648 1606 681 1653 le·
712 1623 759 1655 non
787 1600 894 1675 loquitur
920 1611 949 1660 (le
972 1621 1069 1661 externo
1090 1607 1204 1656 orationis

191 1696 245 1743 uia.
269 1693 345 1757 Atque
362 1690 437 1738 omnis
453 1705 481 1737 ea
497 1687 626 1754 disputatio
642 1687 683 1737 ab·
714 1694 807 1752 nitore;
825 1712 873 1744 non
893 1708 943 1746 erat
960 1697 1006 1745 hoc
1022 1694 1089 1744 illius
1109 1692 1205 1742 consili·

192 1780 253 1830 solvi
265 1788 360 1846 potest,
378 1779 400 1826 si
415 1778 450 1824 ita
468 1778 605 1825 statuimus:
631 1778 682 1824 leue
713 1795 771 1843 um,
795 1782 891 1830 minime
909 1785 935 1831 in
958 1783 1003 1831 hoc
1027 1783 1091 1830 loco:
1117 1778 1202 1829 deinde

194 1867 283 1918 (licitur
299 1866 327 1915 de
344 1873 463 1914 structura
476 1871 500 1910 et
517 1863 684 1927 compositione
717 1865 808 1928 oratio,
827 1867 892 1914 intus
908 1871 985 1932 gravis
1004 1869 1164 1918 etvehemens
1180 1876 1205 1916 et

193 1952 332 2014 verborum,
358 1959 382 1997 et
400 1950 430 1998 ad
448 1964 556 1998 numeros
571 1949 694 2012 orationis,
715 1966 825 2014 nervosa,
855 1961 880 2000 ct
906 1953 1013 2002 molliore
1039 1955 1205 2018 compositione

194 2042 316 2107 pertinet,
338 2040 392 2085 leuc
408 2035 496 2084 dicitur
518 2033 546 2081 de
568 2035 619 2099 ipsa
635 2051 686 2083 ora·
707 2035 842 2106 investita,
858 2041 888 2087 fit
896 2042 1003 2103 suavior,
1019 2041 1107 2101 levior,
1121 2040 1205 2087 vianet

194 2127 268 2174 tionis
282 2133 380 2185 natura,
397 2119 510 2187 loquendi
526 2135 620 2184 genere.
638 2120 683 2167 Ho-
715 2125 856 2187 gravitatem
873 2143 921 2174 non
939 2127 1037 2174 amittit.
1062 2126 1096 2172 Da
1113 2122 1206 2189 Thucy-

195 2213 271 2261 ratius
283 2210 323 2258 hic
336 2227 383 2259 non
396 2210 446 2274 agit
462 2205 625 2255 destructura
633 2221 685 2253 ver·
716 2205 768 2256 didi
786 2209 878 2276 aliquid
899 2229 928 2260 ex
942 2211 1108 2276 compositione
1129 2209 1207 2256 Xeno-

194 2296 292 2360 borum,
309 2295 349 2344 sed
365 2294 394 2343 de
405 2296 499 2341 interna
511 2290 623 2337 orationis
635 2291 683 2338 ior·
715 2293 832 2359 phontea,
841 2297 992 2346 Demostheni
1000 2298 1129 2358 Isocratea,
1138 2312 1207 2362 τρα-

196 2401 242 2434 ma.
266 2384 402 2447 Decipimur
417 2380 495 2444 specie
512 2377 579 2423 recti.
605 2376 685 2422 Brevis
717 2377 803 2441 χότης
819 2380 863 2428 illa
888 2391 912 2429 et
926 2381 1050 2445 δεινότης
1066 2382 1209 2448 temperabi-

197 2471 227 2520 tit
245 2468 374 2528 obscurus,
397 2462 492 2530 grandis
515 2463 544 2508 lit
563 2459 688 2525 turgidus,
721 2471 777 2526 tur,
794 2466 942 2531 utequrdcm
960 2465 1076 2528 arbitror,
1092 2484 1154 2530 non,
1170 2468 1209 2530 si,

199 2557 291 2606 cautior
311 2555 340 2602 fit
360 2552 470 2613 humilis,
500 2550 622 2596 varietatis
642 2558 691 2595 stn-
724 2557 838 2611 quantum
867 2551 920 2600 fieri
948 2553 1038 2616 possit,
1064 2553 1116 2617 ipsa
1138 2551 1211 2602 verba

198 2641 287 2692 diosior
309 2642 338 2688 fit
361 2641 464 2704 ineptus.
498 2637 554 2684 Cum
575 2636 626 2683 istis
643 2651 689 2688 non
722 2652 816 2699 serves,
832 2640 989 2687 enervabitur
1003 2657 1047 2688 nec
1060 2640 1174 2704 tolletur,
1190 2643 1212 2690 si

200 2729 311 2780 convenit
331 2729 422 2775 leuitas
445 2725 617 2786 instructura
636 2735 691 2768 cer·
721 2719 789 2768 modo
804 2724 917 2788 asperitas
932 2735 1038 2788 maneat,
1054 2724 1146 2775 ubires
1162 2728 1212 2776 exi·

199 2816 295 2877 bomar,
311 2815 382 2860 molle
395 2819 420 2859 et
434 2818 542 2858 teneram
553 2810 583 2856 iu
595 2808 690 2855 ambita
722 2807 772 2872 git,
788 2816 819 2856 »et
841 2809 873 2857 τὸ
892 2811 941 2858 τοῦ
960 2813 1068 2870 πάθους
1090 2812 1212 2879 ἀποτρα-

159 2896 162 2902 ’
201 2911 229 2952 ct
251 2902 431 2966 corapositc'one.
462 2896 547 2943 lerum
575 2893 620 2941 hoc
642 2909 691 2941 esse
724 2895 872 2959 praedoctor
887 2899 1026 2963 requiritur.
1043 2896 1088 2946 Sed
1103 2898 1214 2948 Horatius

204 2990 328 3053 utriusque
340 2983 631 3044 vocunidnarimenex
640 2981 694 3046 plu·
725 2980 755 3028 de
784 2984 889 3032 oratione
912 2984 987 3049 ligata
1015 3000 1062 3033 non
1085 2983 1114 3033 de
1135 2985 1214 3035 soluta

204 3076 272 3126 rimis
288 3075 428 3139 scriptorum
443 3070 502 3118 locis
517 3076 632 3132 apparet,
649 3064 693 3113 ubi
723 3069 849 3133 praecipit.
870 3071 975 3120 Leaitos
989 3076 1118 3123 carminum
1131 3076 1157 3123 in
1169 3091 1214 3123 nn·

204 3159 244 3210 rel
258 3162 310 3208 leue
320 3158 358 3207 vel
372 3160 423 3206 leuc
434 3158 575 3229 auctoritate
589 3155 692 3202 omnium
724 3155 812 3216 meris,
828 3167 902 3205 metro
914 3159 1024 3221 inclusis,
1039 3161 1152 3208 cernitur.
1162 3160 1215 3224 lpse

205 3244 314 3294 Codicum
328 3245 485 3293 confirmatur.
502 3240 537 3290 ad
550 3257 601 3289 eam
617 3241 693 3305 igitur
724 3257 833 3306 asperum
852 3253 877 3292 et
892 3244 955 3294 illud
976 3243 1084 3292 scabrum
1106 3255 1214 3293 veterum

208 3349 312 3383 normam
325 3330 376 3379 loca
388 3328 516 3390 nonnulla,
530 3325 573 3375 nbi
589 3342 631 3390 pro
645 3327 697 3372 leuc
729 3329 851 3391 potarum
863 3344 911 3377 non
923 3328 1049 3393 laudabat,
1067 3339 1091 3378 et
1107 3347 1217 3381 numeros

207 3419 322 3483 scriptum
342 3416 463 3465 invenitur
484 3417 535 3462 leuc
556 3424 580 3462 et
602 3424 696 3476 contra,
728 3411 849 3460 Plautinos
869 3429 883 3461 a
906 3417 998 3479 proavis
1018 3415 1092 3463 stulte
1108 3415 1217 3467 laudatos

208 3504 370 3555 emendentur.
387 3504 413 3552 L.
429 3502 554 3550 Santonico
569 3501 697 3549 ad‘l'cren·
728 3498 906 3562 arbitrabatur,
935 3499 992 3563 ille,
1018 3503 1062 3567 qui
1082 3502 1217 3568 legitimum

209 3593 301 3640 tionum
313 3591 449 3636 Maurumr.
463 3589 527 3635 1052
541 3586 695 3652 diligentissi·
727 3601 810 3633 sonum
830 3583 912 3650 digitis
928 3594 952 3633 et
968 3603 1025 3634 auro
1039 3586 1150 3639 callebat.
1168 3591 1217 3640 lam

208 3693 247 3726 mc
255 3675 284 3725 de
297 3685 397 3739 utroque
410 3671 524 3721 vocabulo
533 3674 659 3738 exposuit,
673 3681 698 3720 et
730 3685 772 3719 suo
791 3671 841 3736 ipse
863 3670 970 3735 exemplo
991 3669 1110 3735 ostendit,
1129 3677 1218 3723 leuita-

207 3762 329 3827 ingentem
344 3759 504 3824 exemplorum
519 3760 611 3823 copiam
624 3758 695 3806 colle·
728 3764 777 3804 tem
788 3756 900 3821 antiquae
916 3761 1052 3821 asperitati
1068 3777 1116 3809 esse
1125 3764 1219 3827 praefe-

210 3849 256 3914 git.
295 3847 338 3895 Hic
366 3855 430 3894 recte
455 3854 536 3894 contra
563 3845 698 3895 Bentleium
729 3843 840 3906 rendam,
873 3861 950 3910 neque
976 3863 1085 3896 versuum
1115 3849 1219 3914 ipsorum

211 3930 333 3982 contendit
356 3933 406 3980 leae
430 3940 455 3979 ct
478 3934 619 3996 levitatem,
645 3949 698 3981 cunr
730 3933 870 3999 gravitatem
894 3933 930 3981 ita
960 3931 990 3980 ab
1022 3935 1139 3998 asperiore
1165 3949 1219 3982 sono

210 4017 250 4067 vol
266 4015 295 4065 do
308 4017 419 4065 orationis
428 4022 594 4087 compositione
606 4020 646 4069 vel
660 4037 697 4069 co·
729 4017 846 4085 pendere,
865 4026 894 4065 ut
909 4017 982 4067 iidem
1002 4035 1050 4068 non
1066 4035 1114 4068 esse
1131 4019 1220 4084 possint

212 4105 385 4172 agmentetione
406 4104 444 4153 vel
466 4103 495 4155 dc
510 4106 612 4172 augulis
627 4106 699 4155 etiam
732 4104 825 4154 nervosi
844 4103 916 4154 simul
932 4116 957 4154 et
970 4107 1058 4156 canori.
1078 4105 1160 4154 Recito
1176 4102 1221 4152 illa
