2752 4844
492 417 552 474 ΑΒ
583 417 800 478 Pl'SONES.
1100 421 1156 481 129

169 620 284 709 Quum
307 619 410 689 semel
434 616 608 705 imbuerit3
633 642 807 715 speremus
831 623 978 691 carmina
1002 621 1084 714 fingi

169 739 290 829 Posse,
315 735 449 808 linenda
473 736 573 809 cedro
597 718 640 807 et
655 737 720 808 levi
746 737 906 808 servanda
928 738 1117 835 cupresso?

170 855 241 926 Aut
257 855 415 952 prodesse
439 855 559 926 volunt
583 866 643 926 eut
667 855 834 927 delectare
861 865 997 950 poetee3
1189 841 1192 847 ¹

169 973 240 1045 Aut
259 976 361 1044 simul
382 982 415 1045 et
439 974 588 1045 iucunde
609 982 644 1045 et
660 973 779 1046 idonee
806 974 917 1047 dicere
943 978 1051 1048 vitae·
1084 1038 1086 1043 .
1125 1038 1129 1043 .

170 1093 345 1188 Quidquid
367 1095 568 1188 praecipies,
599 1103 670 1164 esto
696 1093 827 1181 brevis3
852 1103 892 1164 ut
914 1094 1092 1167 cito'dicte

170 1213 359 1309 Percipient
379 1213 480 1282 animi
504 1195 648 1302 dociles,
673 1220 878 1310 teneantque
902 1211 1036 1284 fideles:

171 1331 279 1403 Omne
298 1354 546 1427 supervacuum
570 1330 672 1426 pleno
693 1330 736 1411 de
763 1338 900 1426 pectore
919 1338 1043 1402 manat.

139 1635 204 1684 spem
228 1620 323 1667 omniuo
346 1634 438 1666 omnem
462 1626 527 1667 vetas
548 1628 572 1666 et
593 1616 634 1666 sh-
666 1619 744 1667 Attico
753 1621 792 1669 17.
805 1628 924 1684 percepto
932 1621 1166 1684 howitproeeepto.

69 1704 72 1708 ’
139 1703 234 1754 scindis.
250 1703 409 1753 BENTLEIVS.
669 1714 694 1752 et
717 1704 834 1754 Ciceronis
850 1704 879 1754 de
895 1705 982 1755 Officiis
998 1706 1024 1769 l,
1041 1708 1081 1755 18.
1103 1709 1170 1756 artis

171 1791 217 1855 ligo
228 1806 321 1855 semper
331 1789 454 1837 Horatium
466 1790 584 1854 scripsisse
592 1805 636 1855 pu·
664 1798 800 1855 praecepto
810 1793 977 1859 peremerint.

140 1876 201 1923 tavi:
223 1876 277 1938 Et,
302 1876 359 1923 liaeo
380 1877 475 1923 animos
496 1890 587 1940 assurgo
611 1883 637 1923 ot
702 1877 778 1923 Omne
798 1892 974 1940 supervacuum
993 1879 1068 1941 pleno
1086 1877 1115 1925 de
1126 1893 1170 1941 pe·

139 1975 198 2008 cura
219 1961 306 2024 peculi
325 1960 385 2008 Cum
405 1961 480 2008 semel
498 1962 634 2023 imbuerit,
668 1967 733 2009 ctore
746 1968 840 2009 emeat.
860 1960 943 2010 Versus
956 1971 1087 2027 suspectus.
1104 1961 1170 2010 Sole-

140 2061 266 2110 speremes
285 2048 397 2094 carmine
414 2048 487 2111 fingi
510 2047 586 2095 Posse
605 2047 638 2094 ti·
670 2045 729 2094 bunt
747 2046 805 2094 olim
825 2050 969 2096 sententiose
991 2046 1129 2097 huiusmodi
1145 2050 1171 2097 iu

139 2133 218 2180 nendo
236 2132 319 2193 cedro,
342 2139 369 2179 et
386 2133 437 2178 leci
454 2131 575 2178 servando
598 2147 639 2178 cu·
671 2132 775 2195 margine
784 2130 899 2193 allinere,
914 2148 976 2197 quae
990 2135 1173 2196 posteaincon·

136 2214 245 2281 presso?
261 2214 533 2278 lllndet-speromes
546 2231 638 2262 omnem
671 2224 764 2263 textum
780 2217 939 2280 irrepserunt:
964 2218 1039 2264 Omne
1057 2232 1173 2280 crepereo·

140 2302 211 2367 plene
235 2318 300 2366 spem
321 2310 424 2358 resecem
445 2301 499 2366 quis
522 2308 572 2348 tam
589 2302 640 2348 ine·
671 2316 743 2347 ceum
754 2301 828 2364 perne
842 2301 872 2348 de
886 2307 985 2364 pectore
1000 2309 1094 2351 manet.
1128 2302 1175 2351 Ubi

139 2396 196 2453 ptus
209 2397 258 2450 est,
267 2396 296 2434 ut
307 2396 399 2452 speret;
415 2387 512 2448 inune,
527 2395 551 2433 et
560 2402 636 2450 spera.
669 2399 767 2449 corpore
780 2383 853 2433 hehet
875 2385 958 2441 (lodex¹
968 2386 1103 2452 Digbeunus
1112 2387 1177 2437 Oxo·-

140 2472 216 2521 Habet
229 2471 347 2538 particula
362 2479 388 2519 et
401 2473 436 2520 ita
447 2472 524 2536 positu
534 2480 639 2519 veterem
670 2470 714 2518 nii.
736 2458 896 2520 Sammonicus
914 2489 936 2521 c.
952 2472 1049 2536 XXXV,
1066 2473 1095 2521 de
1112 2474 1172 2522 Hee-

141 2559 290 2624 eleguntiam.
307 2555 496 2623 virgilieneid.
512 2556 536 2619 1,
546 2557 586 2605 48.
604 2557 643 2603 Et
674 2554 821 2621 morrhsgie:
839 2558 871 2605 Si
882 2558 992 2606 modicus
1004 2560 1079 2623 pleno
1090 2567 1175 2608 manet
1266 2594 1273 2603 .

132 2645 270 2707 'quisquam
297 2658 387 2690 eumen
418 2643 522 2690 Iunonis
554 2642 641 2689 odoret
673 2642 701 2688 de
725 2656 822 2704 corpore
846 2645 966 2706 sanguis,
989 2645 1123 2693 Solensis:
1146 2652 1176 2692 at

142 2725 374 2777 Praetereaffldem
389 2729 432 2790 VI,
446 2730 502 2776 807.
520 2727 559 2774 Et
572 2728 641 2775 dobi-
672 2727 768 2773 nimius
794 2741 848 2773 cem
880 2728 936 2774 vita
953 2727 1079 2788 funditor
1106 2730 1173 2793 epse.

144 2821 224 2862 taetus
234 2814 311 2862 adhoc
326 2812 587 2860 virtutemeuteedere
595 2812 641 2871 se·
672 2811 739 2859 Certe
757 2820 781 2858 et
798 2810 890 2860 nullius
904 2822 940 2860 est
956 2815 1049 2862 veneris
1066 2813 1112 2861 hic.
1122 2830 1174 2863 ver·

143 2896 213 2948 ctis?
226 2899 298 2946 Plura
313 2895 554 2946 Heinsiusatlllvidii
566 2897 643 2946 rimor.
677 2897 778 2960 siculus,
798 2906 823 2944 et
844 2895 1001 2962 ambiguitate
1024 2897 1125 2948 loborat.
1150 2899 1176 2949 Si

143 2985 191 3047 Ill,
205 2997 260 3046 vm,
275 2986 299 3032 1.
321 2983 359 3030 Et
376 2983 504 3047 quisquam
519 2983 643 3048 ingenuas
676 2984 738 3030 enim
767 2998 913 3048 supervacua
944 2969 1037 3031 tentum
1060 2982 1175 3048 effluunt,

145 3072 279 3119 etiamnum
300 3069 409 3132 mupieit
432 3064 523 3116 artes?
545 3077 569 3115 et
587 3069 646 3115 Bur·
678 3066 736 3133 quid
750 3068 835 3133 pericli
854 3069 914 3131 erit,
933 3069 993 3118 siin
1009 3070 1177 3137 praecipiendo

144 3173 242 3205 murinus
256 3153 286 3203 ad
302 3154 467 3218 Propertiill‚
480 3166 525 3217 xv,
541 3157 563 3203 1.
580 3153 647 3202 Euri·
679 3153 773 3218 longior
794 3153 956 3220 prolixiorque
982 3155 1074 3205 fueris?
1119 3158 1179 3223 Ergo

145 3239 452 3308 pidesinlledeav.1327
467 3238 572 3287 dixerat:
588 3237 648 3286 Καὶ
680 3247 750 3286 nocet
766 3240 840 3303 magis
858 3241 1005 3303 sententiae,
1022 3257 1093 3308 quum
1111 3243 1180 3291 auxi·

145 3331 237 3378 ταῦτα
247 3323 497 3394 δράσασ’,ἣλιοντε
513 3323 649 3391 superstit·
681 3324 766 3372 listun'
798 3322 889 3372 Deinde
913 3324 977 3373 illud
990 3324 1045 3374 vide
1063 3327 1136 3391 Epist.
1153 3328 1179 3390 1,

146 3429 220 3472 πεις,
250 3412 309 3461 Kal
329 3400 425 3475 γάῖαν,
460 3406 537 3477 ἔργον
562 3409 650 3459 τλᾶσα
681 3422 735 3472 m,
754 3410 794 3458 44.
803 3410 870 3470 fidis
886 3412 952 3458 enim
968 3427 1069 3459 menore
1079 3414 1181 3476 poetica

147 3499 372 3560 δυσσεβὲστατον.
397 3513 457 3562 quse
477 3511 530 3544 cum
551 3497 651 3544 interro-
682 3496 756 3542 meua
785 3497 819 3543 Te
839 3496 930 3558 solem,
954 3497 1005 3544 titi
1019 3498 1130 3561 pulcher.
1156 3506 1181 3545 et

147 3587 241 3651 gatione
254 3581 355 3650 legende
368 3592 433 3631 sunt.
449 3581 531 3630 Postea
547 3582 651 3646 comperi
682 3577 774 3628 videbis
790 3589 815 3628 te
832 3583 955 3629 contrariis
970 3581 1049 3630 verbis
1064 3592 1129 3631 recte
1146 3580 1182 3630 di-

147 3669 333 3735 Guninghenrum
354 3684 448 3734 quoque
468 3666 594 3716 maluisse:
617 3665 654 3714 Et
686 3682 739 3714 cere
752 3682 831 3731 posse:
852 3667 926 3714 Omne
941 3669 1060 3715 eximium
1076 3675 1101 3715 et
1117 3681 1184 3733 egre·

149 3758 207 3804 hoec
223 3756 318 3802 animos
331 3763 378 3802 cet.
676 3753 750 3816 giem
765 3752 794 3799 de
805 3753 881 3814 pleno
890 3758 990 3814 pectere
1003 3759 1096 3801 mouet.
1122 3752 1180 3800 Num

183 3839 311 3902 Quidquid
316 3840 472 3903 praecipies,
489 3844 542 3886 esto
560 3838 650 3885 trevis.
684 3846 709 3884 et
724 3837 802 3902 poetis
822 3836 894 3900 ipsis,
919 3836 1001 3883 Nostro
1017 3845 1076 3900 puts
1093 3847 1118 3885 et
1134 3838 1184 3887 ttr-

149 3922 347 3993 Wyttenbachius
366 3924 550 3991 paronomusium
572 3906 653 3987 quam·
685 3922 761 3988 gilio,
786 3919 830 3967 uhi
854 3937 867 3966 e
892 3919 966 3968 divite
993 3937 1053 3970 uene
1079 3923 1185 3973 fundunt

151 4011 203 4061 dum
216 4012 242 4059 in
251 4009 395 4073 praecipies
409 4017 434 4054 et
447 4009 595 4072 percipiant
603 4008 652 4055 uui·
685 4023 754 4073 opes,
770 4003 894 4053 luculenta
904 4003 949 4052 illa
962 4008 1065 4056 carmine
1077 4008 1184 4074 deplere

151 4095 285 4157 miscuit,
295 4103 320 4141 et
328 4093 450 4142 confirmat
458 4092 509 4141 loco
522 4092 652 4157 Nepotisin
685 4102 709 4157 et
723 4089 824 4140 secundo
839 4099 934 4154 pectore
950 4106 1050 4140 maome
1066 4092 1184 4144 dicentur.
1240 4087 1244 4095 ’

1036 4190 1056 4248 9
