2752 4844
171 413 229 476 228
435 413 649 475 uoulrll
680 415 923 477 tvlsroul

623 657 745 690 -4-

212 861 444 936 EPISTOLAE
468 862 527 936 AD
552 860 726 935 PISONES
750 859 807 932 DE
831 861 946 935 ARTE
969 861 1153 936 POli'l'lCA

54 1032 59 1039 ·
180 1000 339 1078 vlnus
361 999 832 1076 uocroauuvrnoauu
854 982 1184 1078 ursrosurouua

281 1234 289 1248 ’
410 1238 639 1301 ANTONIUS
666 1237 962 1298 NICCOBONUS.

177 1422 347 1486 ³91-418.
368 1425 507 1485 silvestres
527 1424 651 1483 homiues
760 1426 862 1482 nescire
881 1424 966 1484 fateri.

164 1524 348 1602 ,295-308.
369 1528 516 1609 Ingenium
535 1531 631 1585 misera
651 1557 719 1597 ··.‘
737 1546 792 1607 quo
812 1527 880 1585 ferat
899 1547 979 1585 error.

175 1627 348 1695 ,sol—385.
371 1630 406 1689 Ut
422 1634 527 1710 pictura
539 1631 626 1709 poesis
727 1627 840 1687 faciesve
856 1626 983 1686 Minerva.

199 1729 281 1789 32-
301 1730 349 1791 41.
370 1731 520 1791 Aemilium
536 1734 606 1790 circa
622 1729 719 1788 ludum
734 1760 803 1805 ··.·
818 1751 869 1788 nec
885 1729 992 1789 lucidus
1008 1730 1080 1790 ordo.

122 1822 125 1828 ’
178 1831 348 1893 309-332.
370 1833 510 1893 Scribendi
526 1841 598 1892 recte
704 1831 834 1891 servanda
851 1851 985 1912 cupresso.

178 1932 350 1996 285-294.
371 1935 417 1996 Nil
437 1939 600 1995 intentatum
705 1937 842 2014 castigavit
861 1934 896 1993 ad
914 1955 1044 2016 unguem.

179 2035 350 2097 sss-334.
370 2036 427 2097 Aut
443 2037 568 2116 prodesse
584 2035 764 2094 volunt
779 2034 869 2094 dicere
884 2039 963 2128 vitae.

179 2137 350 2199 341-346.
372 2139 515 2200 Centuriae
534 2126 670 2198 seniorum
777 2147 899 2218 prorogat
914 2158 1019 2197 aevum.

199 2239 283 2300 73-
302 2239 351 2301 85.
372 2242 427 2302 Res
447 2251 535 2322 gestae
554 2261 712 2322 regumque·
810 2240 895 2300 libera
911 2244 974 2299 vina
989 2240 1096 2302 referre.

180 2340 351 2403 275-280.
373 2344 503 2425 Ignotum
522 2346 637 2424 tragicae
655 2361 724 2388 ὴ·
742 2345 848 2423 nitique
863 2342 1003 2404 cothurno.
1148 2322 1151 2327 ’

181 2442 352 2505 220-233.
372 2446 498 2506 Carmine
517 2449 566 2526 qui
585 2448 684 2525 tragico
792 2442 953 2523 pudibunda
970 2449 1107 2524 protervis.

181 2545 352 2607 281-284.
373 2546 506 2606 Successit
524 2554 601 2605 vetus
706 2544 813 2604 sublato
832 2549 890 2605 iure
909 2548 1034 2607 nocendi.

202 2647 283 2708 42-
303 2646 351 2708 45.
373 2649 481 2708 Ordinis
501 2649 568 2708 haec
588 2651 673 2706 virtus
777 2651 902 2707 carminis
922 2658 1021 2709 auctor.

183 2749 352 2811 lto-152.
373 2750 430 2811 Nec
450 2751 568 2810 reditum
587 2749 724 2809 lliomedis
830 2771 866 2810 ne
885 2749 1017 2832 discrepet
1036 2756 1133 2813 imum.

226 2853 286 2914 1-
307 2852 354 2913 13.
376 2854 500 2914 llumano
519 2855 600 2933 capiti
618 2884 688 2898 ··-
705 2851 819 2932 tigribus
838 2856 909 2932 agni

182 2953 352 3016 338-340.
373 2955 447 3015 Ficta
466 2954 609 3036 voluptatis
628 2973 720 3014 caussa
825 2954 945 3014 extrahat
964 2955 1033 3015 alvo.

184 3055 353 3118 128—135.
373 3056 490 3117 Difficile
509 3066 550 3117 est
568 3058 675 3137 proprie
782 3065 829 3115 aut
846 3061 933 3138 operis
952 3056 1005 3118 lex.
1084 3120 1088 3126 ,

204 3158 285 3220 14-
303 3158 353 3220 23.
373 3161 491 3242 lnceptis
511 3159 635 3241 gravibus
741 3157 870 3219 duntaxat
889 3169 917 3219 et
934 3181 1031 3220 unum.

185 3262 355 3325 136—145.
376 3262 433 3322 Nec
453 3267 491 3322 sic
510 3266 622 3344 incipies
727 3282 792 3320 oum
811 3260 928 3342 Cyclope
949 3259 1125 3346 Charybdim.

186 3363 355 3428 119-127.
375 3364 433 3425 Aut
452 3366 552 3424 famam
571 3385 684 3445 sequere
790 3373 818 3422 et
836 3363 890 3423 sibi
907 3375 1018 3426 constet
1085 3440 1088 3444 Δ

186 3464 355 3529 114-118.
376 3467 502 3526 Intererit
520 3467 640 3526 multum
742 3465 841 3525 Thebis
860 3472 976 3528 nutritus
996 3491 1032 3529 an
1050 3468 1138 3552 Argis

187 3567 355 3631 153-178.
376 3569 418 3630 Tu
436 3568 503 3649 quid
522 3589 571 3649 ego
590 3578 618 3628 et
636 3568 752 3649 populus
857 3570 1024 3631 morabimur
1041 3576 1117 3654 aptis

186 3670 356 3734 335-337.
378 3670 518 3752 Quidquid
537 3674 681 3751 praecipies
787 3668 822 3730 de
838 3681 944 3750 pectore
963 3683 1063 3734 manat

80 3803 84 3811 ·
207 3772 357 3836 96-113.
378 3773 512 3854 Telephus
532 3781 559 3832 et
578 3772 675 3832 Peleus
778 3771 935 3855 peditesque
953 3777 1126 3838 cachinnum.

208 3877 290 3939 86-
308 3874 357 3936 95.
378 3875 529 3956 Descriptus
547 3896 652 3935 servare
670 3879 741 3936 vices
847 3896 970 3937 sermone
987 3879 1112 3959 pedestri.

188 3976 357 4040 270-274.
377 3977 416 4038 At
436 3983 516 4038 vestri
535 3982 627 4058 proavi
649 3995 717 4023 -’--
735 3978 864 4038 callemus
883 3988 911 4038 et
928 4001 1001 4041 aure
1051 4014 1056 4025 ·

186 4078 357 4144 234-250.
377 4079 441 4140 Non
459 4101 509 4160 ego
528 4084 648 4140 inornata
753 4080 888 4140 donantve
904 4101 1009 4142 corona.
