2752 4844
521 384 581 444 Ab
612 381 827 444 PISONES.

202 590 382 661 Aemilium
404 589 494 676 circa
517 586 639 657 ludum
663 583 776 675 faber,
802 604 891 653 unus
914 587 949 653 et
974 596 1106 672 ungues

202 709 390 804 Exprimet,
414 714 448 777 et
471 705 591 776 molles
615 703 801 774 imitabitur
824 725 900 773 aere
922 699 1087 795 capillos·;
1150 715 1152 719 ’

171 957 239 1006 aaa
264 954 318 1003 τῶν
335 949 433 1018 ἄκρων,
456 952 661 1018 ἀναμαρτήτους
692 954 770 1014 x‚42.
787 950 1119 1015 Argutameretrieepotes‚
1132 949 1184 996 Do·

172 1039 205 1098 ὡς
227 1040 271 1088 ἐπὶ
294 1040 326 1087 τὸ
344 1036 413 1086 πολὺ
433 1037 478 1085 καὶ
497 1035 663 1094 deodiceret-
696 1043 768 1098 oeque
783 1035 910 1081 Chremeta
921 1035 1043 1083 Eiideate
1054 1051 1134 1083 senem
1149 1052 1186 1084 eo·

167 1145 219 1194 ιρας
238 1127 382 1187 διαμένειν.
400 1125 506 1189 Denique
520 1122 619 1169 ttwts
637 1131 662 1170 et
694 1122 743 1169 mis
761 1123 863 1186 garrire
888 1123 997 1184 libellos,
1034 1123 1100 1170 Unus
1120 1125 1188 1171 oiva-

171 1215 267 1278 tvm,
292 1224 319 1262 ut
343 1215 466 1262 literarum
490 1207 574 1256 ductus
595 1206 660 1255 baud
692 1223 759 1269 rum,
780 1208 903 1256 Fundani.
925 1208 1028 1256 Sermon.
1043 1209 1130 1271 Il,111,
1143 1209 1185 1257 24.

155 1305 206 1350 'ita
228 1301 352 1350 dissimiles
372 1298 477 1360 habent,
503 1300 537 1346 ita
558 1299 584 1345 in
601 1297 662 1345 MSS.
697 1297 789 1344 Ilortos
813 1299 972 1362 egregiasque
996 1297 1075 1344 dmnos
1099 1312 1189 1345 merea·
1253 1324 1260 1335 ·

172 1400 227 1438 sunt
254 1390 359 1437 contusa.
401 1385 539 1450 Exemplum
565 1383 663 1450 praebet
696 1386 749 1432 rior
763 1401 827 1432 anus
844 1385 904 1432 Cam
920 1385 1092 1433 laurencium.
1114 1383 1187 1448 Epod.
1261 1405 1263 1409 ⁴

172 1475 218 1524 MS.
237 1475 373 1527 Vossianum
396 1475 422 1521 in
443 1471 507 1520 Ovid.
530 1472 596 1519 Pont.
611 1471 661 1534 111,
694 1471 747 1520 XII.
776 1471 887 1534 Namque
910 1471 1028 1536 sagacitas
1048 1485 1111 1517 unus
1137 1469 1189 1516 odo·¹

172 1574 217 1623 ΧΠ,
234 1563 275 1609 36.
696 1573 745 1604 ror.
774 1558 850 1622 Nepos
873 1559 898 1605 in
917 1558 1023 1605 Cimone:
1050 1558 1110 1604 Com
1125 1571 1190 1604 anus

205 1647 340 1695 Aemilium
366 1646 434 1695 eirea
465 1645 548 1692 ludiim
571 1643 662 1704 faber,
697 1643 803 1689 manium
821 1644 855 1689 'ia
874 1643 980 1689 civitate
1000 1645 1105 1690 momine
1115 1643 1191 1704 flore·

172 1748 237 1779 unus
253 1739 278 1779 et
293 1747 389 1796 angues
405 1732 546 1794 Expriinet.
569 1729 664 1778 Crucem
696 1736 744 1776 ret.
767 1727 851 1793 virgil.
868 1728 925 1776 den.
942 1728 980 1789 11,
997 1729 1054 1776 426.
1076 1728 1146 1775 eadit
1166 1734 1192 1774 et

174 1816 345 1883 interpretibus
379 1817 433 1864 fixit
468 1815 595 1864 sceleratus
621 1814 664 1863 ille
697 1816 826 1878 Riphaeis,
857 1816 1016 1862 iustissimos
1045 1830 1109 1861 aetas
1139 1815 1191 1872 Qut

166 1902 242 1962 foder
257 1904 336 1950 imus:
357 1905 391 1950 ita
407 1903 432 1949 in
449 1918 528 1949 omnes
545 1910 623 1965 partes
639 1917 664 1947 se
689 1899 750 1959 fuit
765 1901 795 1948 iu
812 1901 928 1961 Teucris,
945 1908 971 1947 et
987 1903 1193 1949 servantissimus

174 1998 284 2052 yertuut,
307 1991 332 2037 in
354 2006 433 2037 caussa
453 1988 493 2036 vel
510 1989 611 2035 nominis
626 1987 666 2034 vel
698 1989 778 2051 aequi.
796 1986 840 2036 Ubi
853 1998 917 2035 recte
926 1988 1031 2036 Servius:
1050 1987 1129 2051 Unus,
1144 2004 1192 2036 aon

176 2073 278 2138 epitheti
295 2073 447 2138 exquirenda.
479 2074 572 2134 Ianum,
586 2074 665 2136 inquit
697 2075 779 2136 solas,
802 2075 845 2122 sed
859 2077 1018 2139 praecipuus.
1048 2078 1106 2141 Ergo
1123 2075 1191 2124 faber

174 2158 334 2224 Porphyrion,
348 2160 390 2206 boo
404 2167 455 2221 est,
469 2160 498 2206 ia
511 2161 601 2222 angulo
614 2160 669 2206 todi
700 2162 745 2207 iste
775 2163 879 2208 omnium
911 2165 1016 2227 optime,
1047 2165 1191 2228 praecipue,

176 2245 301 2290 tabernam
322 2245 454 2290 habeatem.
484 2243 559 2290 Aaron
581 2259 665 2290 nomen
698 2244 767 2289 unice
784 2260 876 2307 ungues
893 2255 917 2292 et
934 2248 1009 2293 crines
1025 2246 1191 2312 exprimebat,

175 2331 296 2396 proprium
320 2328 360 2376 hio
384 2330 489 2394 aceepit3
513 2326 576 2393 quod
599 2337 623 2375 et
641 2328 667 2375 in
700 2329 726 2375 in
744 2329 828 2375 ceteris
844 2328 978 2380 deficiebat.
1000 2332 1065 2381 Tolle
1081 2348 1136 2380 vero
1152 2349 1192 2380 vu·

174 2416 316 2465 membranis
337 2432 406 2481 saepe
427 2414 580 2463 interlineas
596 2413 667 2461 adno-
699 2412 809 2461 rabulum
825 2431 903 2475 aereus,¹
922 2425 946 2463 et
959 2420 1099 2465 sententiam
1116 2419 1191 2482 ipsam

175 2515 251 2554 tatum
266 2504 328 2553 ridi:
346 2505 396 2551 olii
412 2510 504 2564 roomo,
518 2503 611 2567 inquit,
625 2501 663 2548 di·
695 2517 742 2548 uua
759 2517 829 2565 opera
850 2502 981 2551 sustuleris.
1001 2502 1062 2567 Quid
1079 2505 1142 2551 euim
1156 2512 1192 2551 est

175 2594 332 2654 camimum,
351 2593 458 2650 brevem5
480 2590 530 2636 elii
544 2590 573 2634 in
586 2594 666 2635 eatre-
699 2587 820 2650 exprimet
832 2585 948 2652 angues?
964 2589 1010 2652 Qui
1022 2590 1081 2636 scias
1095 2590 1192 2651 existo,

174 2694 214 2726 ma
230 2685 305 2741 purte
327 2678 381 2726 ludi
396 2679 516 2742 positum.
536 2679 606 2725 Extra
622 2675 665 2724 hos
697 2685 777 2722 utrum
809 2675 900 2723 affabre
933 2686 957 2724 et
986 2677 1123 2740 eleganter,
1161 2693 1192 2725 an

175 2759 291 2812 eabcellos
313 2761 394 2828 egredi
414 2780 461 2810 non
482 2761 571 2811 audent
591 2777 671 2808 recen·
704 2776 778 2824 crasse
809 2759 969 2826 illepideque,
996 2779 1026 2810 an
1045 2762 1195 2810 mediocriter

176 2850 263 2896 tiores:
288 2864 332 2895 nee
356 2847 382 2896 id
398 2850 496 2906 mirum;
522 2864 575 2894 oum
591 2862 668 2911 neque
701 2847 865 2911 expresserit?
893 2848 966 2913 Atqui
988 2849 1014 2895 in
1035 2847 1194 2912 exprimendis

175 2931 205 2980 de
235 2931 330 2980 homine
361 2947 438 2996 neque
463 2929 492 2978 de
517 2931 603 2996 angulo
624 2930 668 2978 illo
700 2930 820 2996 unguibus
829 2934 1015 2995 praestantiam
1031 2936 1138 2995 artificii
1153 2934 1194 2983 hie

175 3017 229 3066 ludi
246 3034 309 3065 nunc
328 3020 454 3084 quicquam
476 3018 577 3083 amplius
599 3016 669 3064 datur
701 3020 890 3082 commemorari,
912 3019 951 3067 vel
967 3023 1097 3069 sententiae
1114 3020 1192 3071 reddi·

175 3109 310 3157 resciscere.
332 3108 366 3155 Tu
389 3124 458 3172 vero,
481 3108 606 3157 contemtis
630 3105 669 3154 his
701 3107 735 3154 tio
751 3105 822 3154 fidem
839 3108 911 3170 facit,
933 3106 976 3156 ubi
993 3125 1021 3156 ex
1038 3107 1133 3156 adverso
1151 3125 1193 3175 po·

175 3197 279 3259 naeniis,
309 3197 342 3244 sic
368 3211 447 3243 veram
472 3203 496 3242 et
516 3203 621 3241 veterem
636 3192 670 3240 le·
702 3195 739 3240 nit
760 3195 785 3240 in
805 3193 945 3259 quibusdam
966 3195 1068 3259 eorporis
1085 3192 1193 3258 partibus

176 3282 278 3328 ctionem
298 3279 449 3351 huourevoca
470 3281 566 3327 minima
589 3287 666 3326 mute·
690 3278 788 3338 farinae
815 3281 999 3343 exceltentiam,
1030 3282 1206 3344 Spectandum·

177 3369 254 3416 tione:
276 3368 411 3418 Aemilium
434 3367 502 3414 cirea
525 3366 608 3413 ladam
621 3365 666 3426 san
698 3366 783 3429 nigris
800 3367 877 3414 oeulis
896 3368 1123 3431 nigroqueeapilio.
1153 3355 1202 3414 Ge(
1264 3367 1265 3370 ’

177 3456 232 3518 ber,
249 3471 313 3503 unas
328 3462 354 3502 et
366 3468 461 3519 angues
477 3454 625 3518 Kaprianon,
643 3461 668 3501 et
701 3461 778 3500 terum
790 3453 928 3501 inmolare
946 3453 1043 3502 exbibet
1051 3454 1126 3503 Codex
1134 3444 1192 3503 Oxo·

176 3543 260 3589 molles
291 3543 438 3589 imitabitur
470 3556 525 3590 aare
550 3542 668 3605 capillos,
702 3541 806 3602 niensis,
828 3542 870 3605 qui
890 3539 1025 3605 Digbeauus
1040 3551 1148 3600 vocatum
1168 3551 1193 3589 et
1260 3573 1263 3578 -

176 3629 270 3690 Iafeiia
284 3632 472 3693 operissumma.
488 3629 554 3677 Unus
562 3631 668 3677 manium
701 3646 715 3677 a
730 3630 806 3694 prima
821 3645 906 3691 manu,
924 3639 994 3694 prout
1007 3646 1035 3676 ex
1049 3629 1122 3677 litura
1139 3645 1194 3677 eon·

179 3715 267 3776 eletione
281 3716 379 3781 capillos
396 3726 420 3764 et
433 3732 524 3781 ungues
538 3717 667 3779 exprimet,
701 3716 772 3763 iioere
794 3715 868 3777 lieet,
898 3715 1040 3764 Graevianus
1062 3723 1087 3761 et
1104 3714 1193 3780 Regiae

178 3807 256 3846 cetera
276 3816 330 3848 vero
351 3802 455 3850 membra
480 3811 594 3850 ettotam
611 3801 668 3850 adeo
701 3802 831 3850 Societatis.
846 3803 873 3848 Et
886 3803 919 3848 sic
936 3816 1029 3867 quoque
1042 3800 1120 3849 loenm
1134 3804 1193 3851 citat

177 3894 279 3933 statuam
303 3903 388 3951 ponere
409 3907 456 3937 non
480 3891 576 3954 poterit.
607 3888 669 3953 Quid
700 3889 797 3937 loannes
834 3886 1009 3936 Sarisberiensis
1044 3889 1192 3953 praefatione

177 3972 264 4021 clarius
291 3977 426 4048 certiusvei)
457 3977 581 4043 Eleganter
607 3977 670 4027 illud
701 3977 758 4025 libri
779 3976 815 4024 tl.
846 3974 939 4023 Viderat
968 3974 1031 4024 hune
1059 3973 1192 4024 Theodorus
1232 3966 1236 3974 ¹

176 4076 242 4109 unus
256 4062 289 4109 sic
305 4063 362 4127 poni
377 4061 445 4113 solet.
462 4063 545 4114 Noster
560 4063 632 4115 Serm.
642 4064 667 4127 1,
699 4061 830 4112 Mamilius:
842 4061 885 4110 aad
896 4061 999 4124 aeolias,
1010 4061 1103 4127 iuquit,
1115 4060 1190 4110 imas.
