2752 4844
218 398 257 458 74
484 401 696 463 HORATII
728 401 974 462 EPISTOLA

248 603 383 691 Quanto
410 604 534 674 rectius
557 603 632 693 hie,
657 605 718 697 qui
744 605 793 674 nil
813 605 953 676 molitur
975 606 1103 699 inepte:

216 827 362 876 Iovinianum
378 827 423 876 lib.
440 828 460 876 1.
489 829 547 876 Non
562 835 601 876 eet
618 835 714 876 eonten-
747 835 820 876 torres
837 836 906 890 eret,
931 827 969 875 vel
981 827 1138 891 parturibat.
1160 823 1244 873 Eadem

215 919 258 960 tos
278 919 375 975 oestro,
398 914 428 961 ιιι
448 921 499 976 est,
521 915 624 962 huorono
647 915 711 961 more
749 915 854 976 ratione,
868 914 893 962 in
907 912 951 961 hae
966 911 1062 960 dicendi
1074 909 1175 959 formula
1182 911 1243 975 figu-

213 996 303 1061 loquer
317 1000 397 1046 altius
417 1000 533 1062 quiddam
555 1001 712 1064 aggreditur.
744 1009 809 1061 rata,
825 1015 947 1065 nunquam
960 1000 1057 1063 ponitur
1073 998 1190 1045 futurum.
1216 995 1245 1042 Ut

213 1083 370 1132 Parturiorst
389 1092 496 1146 meotes,
518 1093 634 1132 noscetur
649 1086 714 1133 re'di-
745 1084 861 1149 Theognis
881 1101 903 1132 v.
926 1087 966 1133 39.
997 1084 1056 1132 ries
1074 1082 1151 1139 πόλις
1173 1081 1243 1146 ἥδε,

211 1171 282 1219 eules
299 1169 462 1227 mus.1tecte;
490 1180 515 1218 et
538 1173 574 1218 ita
590 1170 629 1219 hie
645 1186 714 1237 repo·
747 1169 861 1219 δέδοικα
881 1167 912 1218 ot
936 1173 973 1235 μὴ
988 1169 1061 1235 τέκῃ.
1096 1168 1175 1216 Cicero
1191 1166 1246 1214 Phi-

210 1255 324 1305 nendum.
342 1257 434 1321 Quippe
451 1256 495 1304 iIIa
508 1259 598 1319 omnia,
616 1259 711 1322 quaein
743 1257 805 1322 lipp.
826 1257 856 1305 11.
884 1258 984 1304 Ute'oam
1007 1256 1158 1318 reipublicae
1179 1254 1247 1301 dolor

211 1343 270 1391 serio
287 1341 412 1403 desinunt,
423 1344 556 1406 parturio,
576 1344 713 1407 repturio,
742 1345 847 1406 pariet,
863 1343 983 1407 quodiam
996 1343 1042 1388 dio
1050 1342 1178 1405 portorio.
1194 1341 1244 1388 Iiv.

213 1429 346 1490 micturio,
363 1429 462 1490 esurio,
479 1444 539 1493 quae
558 1430 712 1477 Meditote'oo
744 1428 811 1491 XXI,
840 1431 880 1478 18.
905 1428 975 1486 Quod
989 1429 1042 1475 iam
1062 1427 1107 1474 diu
1124 1427 1243 1490 parturit

213 1523 278 1561 reete
302 1523 388 1562 vocant
411 1514 574 1578 Grammatici,
598 1517 670 1563 etiam
687 1517 713 1563 in
745 1517 845 1568 animus
870 1524 965 1576 vester,
998 1512 1129 1576 aliquunde
1145 1512 1245 1575 pariat.

213 1599 290 1666 primo
312 1609 417 1665 tempore
441 1601 525 1648 Futuri
546 1602 594 1649 vim
615 1600 714 1650 habent.
748 1600 923 1667 chrysostomus
948 1601 1011 1648 Orat.
1033 1599 1045 1645 1
1072 1597 1101 1646 de
1125 1596 1245 1646 Sacerdot.

213 1686 336 1733 Parturio
346 1685 443 1751 perinde
455 1696 491 1735 est
503 1703 530 1734 ae
544 1689 565 1736 si
574 1686 652 1749 dicas,
668 1703 717 1734 me·
749 1685 889 1753 Ἀθρόως,
911 1687 945 1750 ἢν
963 1684 1048 1734 πάλαι
1068 1682 1164 1733 ὤδινεν
1188 1683 1248 1731 ἐπι-

212 1771 281 1820 dr'tor
290 1787 398 1835 perere,
419 1773 588 1821 initiasset
602 1774 713 1836 pariam.
747 1773 867 1830 θυμιαν,
885 1771 1002 1821 eriveus
1016 1771 1090 1820 τότε.
1112 1767 1247 1816 AmbrosIus

177 1898 179 1904 .
213 1855 251 1904 Ita
267 1872 327 1921 quae
344 1856 428 1904 Graeci
444 1855 653 1921 Ἐπιθυμητικὰ
665 1859 714 1904 De·
747 1855 776 1904 de
790 1856 859 1905 Caino
874 1867 899 1904 et
913 1856 1035 1919 AbeIeII,
1052 1859 1075 1905 1.
1093 1857 1146 1903 IIos
1155 1861 1248 1918 portus

212 1942 354 1990 siderativa
373 1951 459 1989 vocant
475 1944 501 1990 in
518 1960 561 1991 reor
584 1943 713 2003 exeuntia,
746 1930 831 1989 erineo
848 1949 935 1989 nostro
945 1944 1093 2005 paruerint,
1111 1957 1153 1988 reo
1169 1942 1248 1988 solum

212 2025 294 2093 qualia
311 2027 458 2090 repperio,
476 2028 609 2092 βρωσειω,
632 2025 715 2075 πολε·
742 2029 891 2091 parturiet,
907 2028 951 2075 sed
967 2029 1045 2074 etium
1063 2028 1159 2089 purior.
1179 2025 1247 2074 Clau·
1275 2044 1277 2048 ’

213 2112 326 2177 perpetio,
350 2113 460 2177 χεσείω,
487 2111 575 2161 habere
600 2112 713 2160 OEcuntur
745 2111 829 2161 dianus
841 2113 933 2161 Consul.
944 2111 1077 2161 Prohiaot.
1095 2113 1248 2174 Felicemque

214 2195 329 2258 ἔμφασιν
344 2201 394 2249 τοῦ
412 2197 570 2262 μέλλοντος,
587 2199 716 2264 ee'gm'fiee·
747 2206 845 2247 reterum
858 2201 902 2263 qui
921 2201 1022 2247 pontino
1031 2199 1150 2262 perteret
1162 2199 1246 2247 annis.

215 2286 307 2333 tionem
323 2286 423 2345 sutori.
449 2286 573 2350 Perpetem
598 2286 674 2350 igitur
690 2294 715 2332 et
747 2285 824 2350 Atque
838 2284 901 2334 illud
914 2287 1048 2350 parturire
1064 2293 1246 2348 etporeretam

211 2370 307 2419 indocte
316 2370 419 2419 Librarii
428 2372 517 2432 nostri,
533 2373 589 2436 quia
597 2378 713 2419 noscetur
745 2372 886 2436 frequenter
915 2372 1041 2419 coniuncta
1062 2370 1192 2434 leguntur,
1217 2378 1247 2416 ut

211 2457 457 2520 continuosequitur‚
466 2458 615 2519 parturient
628 2455 710 2504 eadem
745 2457 843 2504 sortasse
865 2456 943 2521 Scipio
973 2454 1039 2520 apud
1059 2455 1192 2502 Ciceronem
1215 2453 1245 2502 de

210 2542 287 2589 forma
300 2541 483 2606 interpolarunt.
501 2541 559 2590 Nam
574 2541 600 2589 id
616 2543 710 2606 ipsum,
747 2541 841 2591 Oratore
858 2541 894 2604 II,
905 2543 951 2604 66,
965 2558 1013 2589 non
1021 2539 1109 2589 dixerit
1116 2538 1140 2588 C.
1148 2538 1247 2587 Metello

210 2624 309 2689 eboni,
326 2625 389 2692 quod
405 2628 533 2692 quaeritis,
550 2626 710 2677 iamhabetis.
745 2629 798 2676 »Se
816 2629 931 2691 quintum
944 2633 1047 2692 pareret
1067 2633 1150 2673 mater
1172 2626 1245 2688 eius,

210 2713 366 2760 Porturiout
383 2715 446 2762 enirn
466 2712 529 2762 idem
549 2723 599 2776 est,
615 2730 643 2762 ae
658 2715 712 2761 iam
743 2714 842 2762 adrium
852 2713 941 2775 fluisse
956 2713 1121 2778 peritorom”
1141 2711 1184 2760 sed
1200 2713 1248 2758 rei

206 2800 330 2864 parient:
346 2809 371 2848 et
387 2800 420 2847 sio
431 2814 486 2847 mes
501 2808 624 2849 moeretur.
646 2801 677 2849 It
693 2801 714 2848 si
746 2801 861 2863 quintum
872 2801 1026 2863 parturiret.
1043 2798 1203 2863 Quintilianus
1211 2794 1248 2844 lo-

207 2887 357 2951 parturient
369 2884 526 2948 substituitis,
540 2885 585 2934 hoe
594 2895 644 2948 est,
653 2886 712 2934 olim
744 2902 798 2934 eum
821 2886 913 2934 Horatii
928 2903 976 2935 uon
993 2884 1067 2933 semel
1083 2884 1201 2949 respexit:
1218 2891 1246 2929 ut

212 2972 398 3020 meditabuntur
409 2987 500 3035 perere
507 2993 517 3031 ‚-
534 2970 628 3035 quando
650 2973 713 3033 erit,
743 2971 809 3034 tul,
826 2973 859 3035 3,
877 2974 969 3020 notavit
984 2972 1142 3020 imitationem
1156 2987 1186 3017 ex
1196 2968 1246 3017 tir-

218 3055 329 3119 obseero,
345 3066 374 3104 nt
385 3073 438 3106 mus
453 3058 498 3106 iste
511 3066 630 3107 nascatur.
646 3057 713 3104 BEN·
745 3057 835 3123 giliano
850 3060 959 3123 erigere
972 3074 1035 3106 moe.
1059 3056 1125 3104 Idem
1138 3056 1245 3117 u11,e.

136 3133 138 3137 ’
212 3141 318 3191 TLEIIS.
723 3129 726 3134 ¹
746 3144 796 3191 »Eo
819 3145 894 3208 magis
914 3145 1045 3192 necessaria
1068 3143 1244 3207 κατάχρησις,

246 3228 310 3275 Haeo
339 3227 510 3279 animadversio
539 3228 644 3278 Bentleii
667 3238 715 3278 tum
748 3239 893 3295 quamreete
907 3229 1007 3278 dicimus
1018 3231 1169 3289 eumenem,
1184 3242 1246 3290 quae

214 3313 315 3378 simplex
330 3323 355 3361 et
375 3331 432 3363 vera
446 3325 495 3377 est,
512 3326 540 3363 ut
557 3317 641 3379 mirer,
657 3331 716 3381 qno·
747 3332 795 3363 non
810 3313 955 3364 habentibus
970 3332 1054 3364 nomen
1070 3328 1139 3362 suum
1155 3328 1246 3360 accom-

213 3399 283 3448 modo
305 3399 380 3448 alicui
399 3403 426 3448 in
442 3410 545 3449 mentem
560 3403 642 3450 venire
663 3411 716 3467 pot·
748 3398 844 3463 modat,
866 3401 930 3467 quod
952 3404 985 3450 in
999 3401 1105 3465 proximo
1128 3408 1177 3460 est,
1199 3408 1245 3460 ut,

214 3488 278 3535 uerit
297 3496 379 3535 eontra
394 3485 525 3551 disputare.
550 3487 578 3535 In
597 3487 635 3535 his
653 3503 716 3535 unua
747 3481 833 3551 equum
854 3487 942 3535 divino
966 3486 1081 3534 Palladis
1100 3491 1155 3531 arte
1170 3482 1246 3532 Aedi-

148 3558 150 3562 ὗ
216 3581 355 3637 argumento
376 3573 459 3621 Graeci
479 3561 600 3638 proverbii
622 3574 716 3620 utitur:
741 3574 839 3634 strant:
863 3582 888 3621 et
911 3571 975 3637 apud
994 3571 1115 3635 Tragicos,
1140 3570 1178 3617 Et
1192 3571 1246 3617 iam

213 3653 334 3707 Ὤδινεν
351 3657 423 3724 ὄρος,
441 3659 566 3707 τίκτεται
582 3658 641 3716 μῦς.
671 3656 717 3707 Sed
748 3660 784 3706 teo
789 3660 894 3722 pariet,
909 3668 935 3706 at
947 3667 1016 3723 pater
1032 3666 1075 3704 est.
1093 3654 1158 3705 »Ubi
1173 3657 1245 3720 Quin-

214 3753 240 3792 et
256 3743 301 3792 hoe
318 3745 383 3792 Iavet
399 3743 515 3793 Bentleio.
532 3743 591 3791 Nam
607 3751 643 3790 est
656 3751 715 3791 tem·
748 3744 847 3792 tilianus
867 3743 969 3792 seribere
990 3745 1102 3809 potuit:’'
1120 3752 1159 3806 et,
1181 3744 1245 3790 Per-

215 3830 281 3894 poris
299 3831 449 3896 imperfecti,
467 3846 515 3878 non
528 3829 615 3877 futuri.
639 3829 716 3894 itque
751 3832 818 3878 terit
840 3846 926 3889 mores5
960 3831 1012 3877 iam
1034 3845 1128 3877 murem
1146 3831 1243 3892 parret,

216 3915 253 3964 ita
268 3916 388 3967 Phaedrus
402 3915 511 3978 ratu,
527 3919 567 3965 22.
579 3917 716 3979 Mmrsper·
746 3915 864 3964 vocabula
887 3924 916 3963 at
929 3923 1005 3980 poter
1017 3923 1057 3964 est
1071 3917 1168 3981 sapiunt
1183 3913 1244 3980 glos-

218 4003 330 4065 toru‘bot,
344 4011 373 4051 ot
385 4005 530 4051 illemerem
538 4003 653 4066 peperit:
668 4018 715 4050 non
748 4019 813 4065 sam,
834 3998 953 4067 neque'in
974 4001 1082 4051 omnibus
1098 4000 1159 4050 MSS.
1176 4016 1244 4064 repe·

214 4089 370 4150 parturiret.
386 4089 496 4138 latinum
513 4097 561 4137 est:
577 4103 646 4136 meos
656 4103 717 4151 per-
748 4090 851 4137 riantur.
868 4087 933 4137 Idem
954 4087 1074 4154 cogitabat
1089 4101 1181 4135 versum
1197 4086 1243 4132 Ho-
