2752 4844
526 355 840 420 sermones.

204 535 348 643 Fingere
362 538 520 610 cinctutis
543 560 613 609 non
632 537 788 610 exaudita
812 535 967 631 Cethegis

200 655 400 753 Continget,
424 655 628 753 dabiturque
652 657 786 730 licentia
810 663 946 754 sumpta
969 652 1137 752 pudenter
1145 680 1159 724 :-

163 946 251 1008 ferat,
271 947 413 995 sententiam
427 945 520 996 Horatii
536 947 659 1013 exprimit.
691 962 740 995 non
748 946 861 996 dedentio
873 945 937 1008 diei,
954 946 1074 1010 Pleraque
1081 944 1111 994 di
1130 960 1173 994 ere

166 1030 289 1078 Bentleius
305 1032 488 1096 interpretatur:
514 1041 567 1079 rut
582 1032 661 1079 inter-
692 1038 718 1078 et
728 1025 849 1095 praesens
864 1032 894 1078 e'n
907 1037 1002 1095 ternpus
1015 1035 1124 1083 ornittot.
1140 1033 1185 1082 Hie

165 1116 223 1165 dum
247 1116 312 1167 dicat
335 1119 428 1181 omnia,
454 1114 574 1166 interdum
596 1114 661 1163 dieat
692 1117 804 1164 nimirum
827 1117 872 1164 erit
888 1118 992 1182 optimus
1007 1135 1086 1166 rerum
1102 1117 1185 1184 dispo-
1219 1150 1221 1153 .

165 1205 293 1271 pleraque;
317 1221 375 1271 qnae
393 1202 513 1260 debebant
525 1202 573 1252 dici
589 1213 613 1251 et
629 1201 660 1251 ad
692 1201 822 1251 nendarum
839 1203 908 1267 ordo,
931 1214 959 1253 ut
975 1207 1022 1254 iam
1038 1222 1115 1268 nune,
1132 1215 1185 1255 sta-

164 1292 243 1341 locum
257 1292 424 1359 pertinebant,
442 1290 540 1339 differat
552 1292 578 1338 in
591 1288 658 1338 uliud
690 1291 734 1338 tim
750 1291 776 1338 in
792 1291 922 1356 principio,
936 1307 965 1340 ea
981 1290 1103 1354 dieantur,
1121 1307 1183 1357 quae

165 1384 272 1442 tempusa
298 1395 328 1427 ne
346 1378 407 1428 mole
423 1378 516 1427 seilicet
531 1377 586 1426 τῶν
602 1389 656 1426 ns-
687 1375 792 1424 nondum
806 1375 992 1438 erantdieenda3
1005 1378 1182 1442 multaautem,

163 1465 305 1528 praedaene
326 1464 442 1514 obruatur
465 1463 540 1511 leetor
557 1471 581 1510 et
597 1479 655 1510 ner-
687 1477 748 1528 quae
769 1478 832 1510 nune
855 1471 921 1511 erant
938 1461 1050 1528 dicenda,
1073 1467 1099 1514 in
1114 1463 1182 1516 uliud

160 1552 259 1599 rationis
280 1552 349 1600 filum
375 1553 499 1601 amittat.”
542 1550 656 1616 Equidem
688 1559 782 1615 tempus
790 1549 895 1600 differat.
911 1551 1015 1617 Vestigiu
1030 1550 1126 1618 quidem
1136 1551 1182 1602 hu-

159 1637 186 1685 iu
201 1637 280 1687 verbis
301 1641 354 1687 iem
370 1653 433 1686 nene
448 1637 532 1699 dicet,
551 1653 598 1684 non
613 1636 654 1683 vi·
686 1635 723 1682 ius
738 1633 849 1681 lectionis
864 1649 996 1682 remansere
1014 1637 1040 1683 in
1056 1635 1101 1684 MS.
1117 1635 1183 1702 apud
1212 1648 1216 1661 ¹

160 1719 204 1769 deo
221 1722 280 1788 quid
295 1723 402 1788 intelligi
418 1723 506 1788 possit,
528 1722 575 1770 nisi
589 1719 655 1768 dieat
686 1719 801 1783 C.Feam,
818 1721 844 1768 in
859 1736 906 1786 quo
922 1736 936 1768 n
952 1724 1181 1789 menuprimaposi-

159 1808 273 1856 debentia
294 1810 355 1858 diei.
374 1807 454 1874 Neque
468 1807 595 1854 interdum
607 1805 655 1853 huc
688 1813 739 1853 turn
763 1814 829 1853 erat:
858 1805 890 1853 Ut
910 1807 963 1854 iona
983 1823 1032 1856 nere
1046 1808 1115 1858 dieat
1128 1810 1182 1858 iem

162 1898 288 1960 convenit,
314 1899 371 1963 quia
395 1895 426 1944 ad
449 1896 594 1960 principium
615 1891 671 1942 ae·‘
689 1909 738 1943 non
753 1874 866 1942 deserto
881 1894 944 1946 diei.

157 1980 300 2030 commodari
314 2000 362 2032 non
376 1991 462 2049 potest.
481 1981 540 2028 'l'um
555 1996 602 2027 non
618 1966 663 2028 m.
719 1978 752 2027 In
772 1980 854 2027 verbis
874 1982 953 2029 etiem
974 1983 1059 2032 reneis
1077 1991 1186 2034 oannes--
1232 2010 1236 2026 .

157 2065 241 2114 Latine
265 2076 350 2116 sonant
379 2069 505 2116 interdum
521 2068 654 2130 pleraque,
687 2080 733 2129 que
748 2065 868 2114 serendis.
895 2067 927 2115 Ee
943 2070 1094 2134 transpositio
1109 2071 1182 2136 inges-

160 2152 253 2199 etiamsi
269 2153 388 2216 pleraque
409 2153 574 2218 interpreteris
589 2154 656 2198 naeh-
687 2152 750 2200 niosi
770 2153 879 2201 Britanni
894 2162 944 2201 tam
960 2154 1062 2220 simplex
1084 2165 1108 2205 et
1125 2173 1182 2205 vere

159 2242 203 2296 ta,
219 2244 248 2282 ut
264 2234 376 2282 nonnulli
390 2245 455 2282 recte
472 2236 598 2295 fecerunt,
624 2231 654 2281 de
688 2243 737 2296 est,
766 2246 794 2282 ut
815 2236 888 2284 verba
916 2237 1030 2304 perdam,
1062 2244 1084 2292 si
1114 2258 1190 2290 eom..

156 2339 204 2390 qno
221 2332 300 2370 tamen
312 2319 435 2368 Bentleius
450 2337 498 2367 non
514 2315 652 2383 cogitavisse
684 2317 795 2368 mendara
810 2321 891 2370 velim.

155 2407 259 2458 videtur.
277 2407 384 2472 Denique
400 2403 465 2454 illud
481 2403 510 2452 de
523 2403 584 2452 mole
599 2404 654 2453 τῶν
720 2406 828 2467 Sisorte
843 2425 940 2458 neeesse
952 2413 1181 2465 arelatensem·

156 2496 335 2564 wapincensem
356 2509 404 2542 non
425 2490 541 2559 procedit.
567 2492 654 2540 Lecto-
685 2498 769 2541 strare
797 2497 937 2546 recensitos
968 2499 1054 2548 abdita
1082 2517 1178 2564 rerum,-

155 2600 193 2634 res
214 2582 290 2630 multo
312 2582 391 2630 minus
407 2596 486 2628 rerum
504 2590 652 2629 narratarum
685 2581 796 2646 Fingere
828 2585 952 2637 einetete's
988 2602 1037 2642 nen
1060 2589 1181 2638 exaudita

155 2671 218 2720 mole
232 2668 378 2730 obruuntur,
393 2666 511 2731 longeque
524 2665 610 2714 melius
621 2666 654 2713 fi·
687 2666 804 2731 Cethegis
815 2667 958 2735 Continget.
971 2671 1017 2720 Res
1027 2672 1108 2738 aliqua
1120 2674 1182 2725 milri

155 2753 206 2803 lum
223 2747 336 2802 orationis
349 2755 469 2816 retinent,
483 2755 504 2801 si
511 2762 582 2818 poeta
594 2769 653 2801 uur-
684 2754 809 2817 contigit,
830 2754 851 2802 si
872 2752 934 2805 bone
953 2760 1000 2822 sit,
1021 2776 1069 2809 non
1090 2760 1179 2812 dieitur

155 2852 194 2891 rat
214 2843 291 2889 omnia
312 2841 366 2887 diei
381 2840 507 2900 dedentio,
529 2855 600 2914 quam
616 2839 651 2901 si,
683 2839 731 2886 nisi
744 2836 773 2886 de
787 2855 839 2888 rara
850 2838 951 2905 quadam
963 2842 1185 2911 felicitate,quum.

155 2941 215 2991 qnae
237 2932 309 2973 erant
325 2924 443 2986 dicendo,
465 2924 494 2971 in
506 2922 573 2971 aliud
589 2933 653 2971 tem·
684 2923 756 2974 multi
769 2923 813 2974 alii
833 2926 922 2974 frustra
938 2939 1049 2994 sperant,
1065 2941 1105 2980 ut:
1119 2931 1177 2981 Non

155 3031 201 3082 pus
217 3013 320 3062 reiieiet.
337 3001 384 3059 Die
396 3009 474 3056 omnin
490 3007 571 3055 ordine
586 3006 653 3055 cllro-
684 3010 767 3062 cuivis
788 3011 884 3058 hornine'
898 3013 1027 3081 contingit
1041 3017 1112 3066 adire
1129 3017 1178 3066 00-

153 3103 276 3169 nologieo,
290 3099 354 3149 nihil
368 3101 468 3162 omitte,
486 3097 558 3147 differ
574 3098 651 3162 nihil,
684 3101 805 3151 rinthum.
834 3102 860 3153 Si
875 3119 969 3152 neeesse
986 3111 1038 3167 est,
1060 3103 1176 3170 legimus,

155 3200 206 3240 tum
228 3206 307 3238 rerum
328 3203 422 3236 cursum
443 3185 494 3233 sine
508 3183 560 3232 ulla
578 3185 652 3232 anirru
683 3201 756 3234 novas
767 3203 804 3236 res
817 3188 883 3236 novis
895 3187 1016 3239 vocabulis
1028 3191 1179 3257 significare,

153 3280 287 3333 intentione
295 3275 410 3326 facillime
419 3288 552 3340 sequemur.
561 3271 607 3320 Sed
615 3273 651 3322 ite
682 3274 724 3323 hoe
747 3275 797 3333 rin·
815 3278 951 3342 contingit.
977 3277 1049 3341 Quasi
1063 3294 1118 3330 rere
1134 3279 1182 3332 fae

154 3366 228 3414 animi
244 3364 361 3426 intentio,
387 3359 547 3426 exspectatio,
572 3358 651 3408 admi-
682 3359 799 3410 eillimum
819 3364 864 3426 sit,
891 3365 913 3414 si
933 3365 988 3429 quis
1007 3363 1075 3413 modo
1096 3365 1175 3429 velit,

154 3435 232 3516 ratio,
250 3451 374 3500 tollentur.
391 3437 439 3503 Hae
456 3457 546 3495 utnon
561 3446 649 3495 tollan·
680 3464 744 3500 nove
760 3452 895 3516 excogitare
916 3449 1042 3501 voeabula!
1071 3451 1174 3501 Historia

156 3550 209 3604 tur,
232 3538 273 3590 sed
294 3539 390 3587 alantur
409 3545 434 3583 et
453 3543 571 3595 crescant,
593 3531 648 3581 ideo
680 3534 805 3585 literarum
828 3535 910 3596 docuit
933 3537 1084 3586 eontrarium.
1123 3534 1174 3584 Non

154 3626 267 3674 Homerus
284 3633 308 3672 et
323 3622 436 3688 Virgilius
453 3618 559 3668 ordinem
575 3618 650 3666 Chro-
681 3623 768 3686 cuivis,
790 3639 868 3690 neque
884 3640 992 3691 semper,
1012 3621 1105 3688 quando
1119 3622 1174 3687 quis

154 3711 289 3777 uologicurn
306 3711 473 3770 inverterunt,
498 3715 523 3755 et
538 3706 648 3756 Horatius
680 3707 747 3771 vult,
763 3707 809 3758 hoe
823 3711 846 3759 ei
861 3712 991 3776 continget.
1014 3710 1042 3756 Et
1057 3709 1108 3772 ipse
1121 3707 1172 3754 Ho-

131 3808 132 3814 ’
154 3797 201 3846 lroe
222 3807 390 3863 praeceptum,
415 3797 462 3848 ium
481 3795 604 3844 adraeeis
617 3811 647 3844 ex
678 3797 754 3845 ratius
777 3793 910 3846 cautionem
929 3795 999 3845 addit
1015 3794 1044 3844 do
1066 3796 1172 3845 lieerstia

153 3887 253 3935 Homero
270 3885 384 3950 petitum,
398 3879 520 3929 Pisonilms
535 3878 646 3930 ostendit.
674 3881 927 3945 pudentersnmendo.
948 3880 1028 3946 Neque
1044 3880 1170 3935 verborum

153 3973 200 4038 Ego
216 3980 314 4039 propter
329 3968 372 4017 lias
388 3983 479 4017 caussas
496 3965 646 4016 scribendum
677 3977 797 4017 structura
821 3971 847 4017 se'
866 3970 1005 4020 reddiderit
1024 3997 1058 4009 ·-
1078 3974 1107 4021 si
1123 3989 1169 4022 ne-

153 4060 280 4121 existimot
301 4057 334 4104 Ut
355 4056 408 4104 iem
427 4071 491 4103 nene
509 4056 579 4104 enar
592 4055 646 4102 iant
677 4069 743 4104 resse
755 4062 839 4104 est-
854 4056 976 4124 eleganter
988 4058 1104 4124 procedit.
1124 4061 1170 4110 Ho-
