2752 4844
499 398 559 457 tu
591 394 808 455 Plsottus.

170 601 297 670 Nomen
320 599 478 688 iambeie,
504 623 611 691 quum
637 619 732 668 senos
754 593 906 666 redderet
930 597 1034 682 ictus,

171 718 303 786 Primus
323 717 366 786 ad
388 726 573 788 extremum
598 715 713 786 similis
739 713 811 809 sibi.
836 713 911 784 Non
933 715 979 784 ita
1000 709 1146 808 pridem,

168 834 310 905 Tardior
338 844 378 905 ut
399 836 517 932 paullo
543 836 744 929 graviorque
769 832 896 903 veniret
920 831 964 902 ad
988 852 1104 920 aures,

169 954 343 1048 Spondeos
370 954 504 1025 stabiles
529 956 563 1024 in
586 955 660 1023 iura
680 951 819 1046 paterna
844 952 969 1046 recepit

168 1071 373 1144 Commodus
395 1081 428 1143 et
449 1074 599 1169 patiens:
625 1095 713 1162 non,
737 1079 776 1140 ut
801 1068 843 1140 de
864 1069 941 1141 sede
964 1066 1110 1139 secunda

167 1189 325 1282 Cederet,
351 1194 410 1261 aut
434 1201 554 1285 quarta
577 1189 760 1282 socialiter.⁴
787 1189 851 1257 Hic
872 1196 906 1258 et
929 1188 965 1257 in
989 1187 1072 1258 Acci

168 1308 346 1380 Nobilibus
371 1312 529 1381 trimetris
555 1318 694 1406 apparet
723 1331 839 1394 rarum
862 1317 896 1378 ct
918 1306 1004 1377 Enni

137 1610 194 1657 sex,
212 1593 371 1644 audiebantur
388 1604 436 1644 tres
449 1597 518 1644 ictus.
536 1597 579 1644 Pro
596 1611 635 1644 oc·
668 1613 709 1658 sex
724 1595 828 1661 pedum,
846 1611 906 1661 quae
920 1594 1004 1642 Graeci
1015 1602 1100 1642 vocant
1116 1595 1166 1642 tri-

135 1695 254 1744 crescers,
281 1682 307 1729 in
331 1681 452 1729 nonnullis
476 1679 545 1730 Codd.
571 1680 635 1746 apud
666 1688 754 1730 metro.
780 1680 853 1729 Pedes
874 1681 976 1744 primum
997 1688 1065 1727 erant
1086 1695 1165 1727 omnes

134 1766 203 1812 Fcam
211 1766 335 1829 accedm,
351 1765 428 1832 quod,
446 1767 511 1814 utin
527 1784 553 1814 re
568 1768 636 1814 tenui
667 1765 755 1829 iambi,
775 1765 859 1814 deinde
873 1766 977 1814 immixti
990 1781 1083 1830 (suoque
1096 1781 1166 1829 spon·
1249 1810 1251 1814 Α

136 1859 161 1897 et
177 1853 342 1916 grammatica,
359 1852 428 1917 longe
445 1852 530 1900 melius
544 1851 631 1901 iudico.
666 1851 718 1914 dei,
736 1851 777 1901 sed
790 1870 836 1900 non
850 1851 939 1918 ubique
952 1853 1002 1900 sine
1021 1850 1164 1902 discrimine.

135 1935 164 1982 Et
176 1937 209 1984 sic
222 1946 273 1985 erat
285 1938 311 1984 in
324 1938 451 1986 Moretano.
666 1937 693 1985 ln
723 1937 872 1997 monstranda
895 1936 967 1999 sede,
990 1937 1060 1984 unice
1081 1934 1166 1984 iambis

167 2022 288 2085 ›Spondeos
301 2024 404 2070 stabiles
416 2025 447 2071 iu
459 2025 519 2071 iuro
527 2030 636 2087 paterno
668 2021 802 2086 destinata,
825 2015 914 2088 cogitet
928 2023 1029 2086 Latine,
1050 2021 1095 2069 boc
1112 2031 1164 2084 est,

134 2109 236 2169 recepit.
251 2107 419 2157 Virdoctusin
433 2108 498 2156 tetis
511 2101 635 2156 Societatis
667 2110 775 2174 sequitur
800 2110 888 2156 morem
909 2108 1036 2157 scansionis
1055 2108 1165 2156 Latinum

134 2193 302 2242 Ultraiectinee
314 2195 341 2242 Τ.
355 2194 390 2242 ΙΠ
409 2211 463 2259 pag.
479 2197 534 2243 191.
554 2175 635 2259 legen·
667 2211 711 2259 per
720 2210 764 2241 scs
775 2193 859 2259 pedes,
869 2211 917 2242 non
928 2194 1041 2242 Graecum
1051 2210 1095 2258 per
1104 2201 1165 2243 tres.

135 2277 191 2326 dum
207 2288 277 2344 putat
289 2281 349 2327 iuro
364 2282 470 2327 alterno,
487 2280 573 2344 Magis,
590 2295 634 2343 pu·
666 2279 749 2326 Graeci
764 2280 826 2326 enim
842 2295 889 2326 non
904 2277 995 2326 habent
1005 2285 1119 2340 quartam
1130 2294 1166 2326 se-

134 2373 173 2426 to,
197 2365 333 2430 ingeniose,
352 2381 422 2431 quam
438 2381 501 2413 vere.
524 2365 633 2412 Horatius
666 2363 720 2412 dem
734 2365 760 2412 in
774 2365 889 2414 trimetro
906 2363 955 2411 lam
967 2364 1073 2412 nominat
1086 2361 1165 2411 sedern

134 2459 185 2498 turn
201 2451 281 2516 potius
298 2453 440 2516 scripsisset:
457 2452 551 2499 Inloco
565 2464 635 2512 epure
667 2450 796 2498 secundom
821 2458 846 2497 et
870 2457 999 2514 qwrtom,
1024 2466 1054 2497 ex
1078 2447 1166 2514 quibus

133 2535 189 2584 deos
209 2538 314 2584 stabiles
334 2539 433 2584 alterno
453 2538 561 2600 recepit:
586 2552 633 2601 quo
666 2535 759 2584 Iambus
768 2551 889 2602 nunquam
897 2534 1165 2600 cedittsestam,quari

133 2621 212 2685 lacto,
225 2631 290 2670 recte
306 2632 447 2688 sequeretur
460 2623 586 2687 exceptio,
603 2637 632 2669 aa
664 2621 763 2686 perinde
780 2630 855 2684 esset,
868 2622 894 2670 in
911 2639 939 2670 ea
954 2623 1051 2670 iambos
1066 2637 1164 2686 ponere·

133 2714 215 2755 tomen
236 2709 303 2774 lege,
325 2715 355 2755 ot
378 2709 430 2756 eibi
450 2707 582 2755 secondum
606 2713 633 2755 et
666 2716 706 2754 tur
727 2723 757 2754 un
773 2707 905 2770 spondeos,
927 2707 1026 2756 omittit.
1042 2707 1165 2754 Samamus

134 2801 248 2856 quartum
269 2801 387 2842 servaret.
412 2793 498 2842 Eadem
522 2794 632 2858 exceptio
666 2791 800 2857 exemplum
815 2793 903 2840 senarii
916 2809 945 2840 ex
958 2793 1066 2840 Horatio:
1081 2793 1165 2840 Movit

133 2887 198 2926 reete
214 2895 278 2926 nune
294 2881 410 2945 sequitur.
425 2879 482 2926 Nam
496 2879 536 2925 cui
549 2877 634 2925 tribui·
666 2887 776 2942 nopotem
798 2879 918 2942 Telephus
937 2878 1066 2925 Neretum.
1089 2877 1165 2925 lnter-

134 2979 186 3011 mus
201 2965 255 3011 iura
266 2974 379 3029 paterna,
397 2965 420 3012 ei
432 2961 559 3011 tribuimus
571 2962 634 3011 idem
666 2973 760 3029 pretare
782 2965 853 3012 metri
867 2963 983 3012 rationem
998 2961 1077 3011 verbis
1092 2964 1164 3012 Hora-

133 3051 185 3113 ius,
210 3047 274 3115 quod
295 3050 342 3114 ipsi
361 3047 483 3097 babemus.
505 3047 551 3097 Sed
567 3046 633 3096 dictu
666 3051 749 3098 tianis:
771 3048 865 3098 Iambus
881 3050 973 3113 recepit
993 3047 1122 3114 spondeum
1137 3051 1164 3098 in

134 3134 232 3184 difficile
249 3144 297 3197 est,
315 3133 373 3200 quid
389 3136 437 3183 sint
452 3136 511 3182 iura
526 3136 632 3184 alterno.
665 3137 718 3185 iura
739 3145 851 3201 paterna,
874 3133 1007 3183 commodus
1028 3144 1054 3183 et
1071 3137 1164 3200 patiens

133 3221 240 3270 Eteocles
256 3230 281 3269 et
296 3220 419 3288 Polynices
435 3221 500 3286 pacti
516 3230 585 3284 sunt,
602 3229 631 3268 ut
665 3220 730 3286 (sunt
746 3222 809 3269 enirn
825 3229 873 3269 tres
889 3218 1003 3287 spondei,
1022 3237 1066 3286 par
1081 3238 1164 3270 nume-

135 3306 233 3358 alternis
261 3309 328 3357 annis
352 3316 486 3372 regnarent.
511 3306 633 3371 Eteocles,
667 3323 708 3354 rus
721 3304 861 3370 iamborum)
874 3305 916 3355 sed
928 3305 1021 3355 iambus
1033 3324 1080 3355 non
1094 3308 1164 3356 cessit

134 3408 177 3441 suo
193 3409 253 3441 anuo
265 3392 409 3458 praeterito,
424 3393 522 3441 fratrem
535 3394 561 3440 in
573 3393 634 3440 iuro
665 3391 720 3440 sede
732 3391 834 3441 secunda
847 3401 889 3441 aut
903 3402 995 3459 quarta.
1009 3392 1091 3455 Vides,
1105 3392 1164 3458 quid

135 3480 235 3527 alterno
256 3481 361 3544 recipere
384 3477 470 3527 noluit.
495 3477 560 3526 Talia
575 3480 634 3526 iuro
666 3477 736 3527 desit.
758 3478 835 3545 Atque
851 3478 919 3528 seiles
933 3487 1006 3528 secta
1021 3478 1074 3527 ideo
1091 3479 1164 3526 etiarn

134 3565 175 3612 uix
188 3563 218 3612 ad
231 3564 295 3614 hune
309 3564 387 3614 locum
400 3562 570 3613 accommodari
581 3580 634 3629 pos-
665 3565 744 3612 minus
756 3563 886 3614 desiderari
897 3575 990 3631 potest,
1001 3566 1058 3631 quia
1065 3565 1164 3613 Romani

134 3664 160 3697 se
173 3648 293 3700 videntur.
666 3660 774 3714 veteres,
791 3651 890 3715 Accius,
907 3653 1010 3714 Ennius,
1026 3651 1084 3713 alii,
1105 3651 1165 3698 iam-

169 3734 308 3783 Commodos
323 3743 349 3784 et
356 3737 473 3800 potiens:
487 3751 550 3798 oon,
565 3735 632 3784 etde
664 3734 721 3784 bum
746 3754 775 3785 ex
792 3736 895 3787 secunda
910 3746 935 3785 et
952 3746 1035 3803 quarta
1051 3733 1106 3784 sede
1122 3752 1164 3784 ex-

135 3819 191 3867 sede
214 3821 317 3868 secundo
342 3821 458 3884 Cederet,
480 3829 526 3870 aut
543 3829 633 3886 quarto
664 3822 799 3886 trudentes,
813 3832 893 3872 tamen
905 3824 931 3870 in
944 3829 1017 3870 sesto
1029 3831 1164 3870 constanter

135 3907 272 3956 socialiter.
288 3907 352 3972 Ego,
370 3924 430 3973 quae
449 3909 547 3956 sortasse
563 3909 634 3956 unice
666 3910 825 3957 retinuerunt.
842 3911 888 3973 Ego
903 3906 966 3956 illud
981 3906 1071 3954 sexul
1086 3907 1162 3956 latere

136 4009 188 4041 mea
204 3993 279 4057 ipsius
294 4001 330 4040 est
346 3992 428 4058 culpa,
446 3992 524 4042 locum
536 4010 583 4042 non
596 3995 633 4042 in·
664 4003 723 4060 puto
736 3995 762 4041 in
771 3991 1160 4061 SOCIALITER,scribendumque:

136 4077 228 4144 telligo.
243 4077 352 4128 Horatius
364 4077 470 4144 loquitur
484 4077 512 4127 de
526 4078 633 4128 iambicis
667 4079 807 4129 Coramodus
822 4086 848 4128 et
863 4080 981 4144 patim:
1000 4095 1065 4143 non,
1086 4088 1117 4130 aet
1132 4079 1163 4128 de
