2752 4844
443 426 446 431 .
506 367 566 427 An
597 369 813 428 PISONES.
1120 369 1160 430 63

176 568 341 663 Impiger,
371 569 569 660 iracundus,
595 569 823 659 inexorabilis,
855 592 949 656 acerq

141 794 229 858 viginti
242 791 313 840 urbes
328 809 370 840 sua
383 809 453 840 manu
468 794 516 840 iam
524 795 637 858 cepisset,
671 793 721 843 bat.
746 794 822 860 Atque
836 792 988 859 hocquidem
1004 790 1061 840 adeo
1075 801 1181 839 certum'

141 878 261 927 meliorem
285 880 320 926 ait
336 877 436 944 praedae
453 888 543 942 partem
560 876 640 926 abstu-
673 890 721 942 est,
740 889 764 928 et
780 896 821 927 sua
841 879 893 926 luce
911 879 1016 940 clarum,
1029 888 1056 926 ut
1072 877 1105 926 Cl.
1122 878 1166 925 Da-

140 963 196 1011 lisse
208 964 415 1028 Agamemnonem
431 962 547 1011 sibinihil
557 965 639 1030 eximii
671 965 773 1027 cierius,
795 975 921 1029 utcumque
943 966 969 1012 in
992 964 1057 1012 Notis
1078 965 1167 1011 frustra

142 1049 249 1111 cessisse,
275 1066 321 1096 non
339 1051 410 1114 magis
426 1050 534 1114 quamsi
554 1051 580 1096 in
603 1065 640 1097 ca·
672 1051 801 1097 incrustare
826 1060 922 1098 conatus
943 1051 987 1111 sit,
1013 1051 1039 1097 iu
1062 1050 1167 1097 versione

142 1137 197 1182 stris
213 1137 300 1183 otiosus
316 1134 427 1197 sedisset,
449 1152 482 1183 vs.
505 1136 562 1183 319.
578 1136 634 1182 333.
669 1145 747 1183 tamen
768 1135 857 1184 Gallica
873 1137 947 1183 sciens
969 1134 1117 1200 prudensque
1133 1124 1166 1183 rb
1193 1126 1194 1131 ¹

140 1218 192 1282 ’Ep
211 1217 242 1267 δὲ
260 1222 290 1285 ἰῇ
309 1226 375 1285 τιμῇ
390 1217 456 1284 ἡμὲν
477 1221 570 1277 κακὸς,
586 1216 638 1284 ἠδὲ
671 1222 803 1290 beneroles
819 1221 931 1271 omiserit.
951 1221 1023 1268 Recte
1038 1231 1115 1268 tamen
1131 1218 1167 1268 di·

140 1307 187 1354 καὶ
203 1305 307 1363 ἐσθλός.
328 1306 479 1365 Δεξάμενος
499 1305 545 1354 διὰ
562 1308 637 1354 nni·
671 1323 722 1354 cere
739 1308 841 1372 poteris,
864 1308 951 1354 Medea
968 1307 1064 1354 Colchis
1080 1308 1118 1353 sit
1125 1306 1168 1366 se·

143 1408 178 1457 ρα
195 1391 361 1451 δασάσκετο,
379 1391 466 1441 πολλὰ
487 1391 514 1439 δ’
532 1391 634 1456 ἔχεσκε.
669 1393 943 1458 ror‚Agememnonins
958 1394 1057 1440 Orestes
1066 1393 1104 1440 sit
1119 1393 1166 1439 lri-

138 1479 195 1526 Eant
203 1480 294 1544 igitur,
313 1490 337 1527 et
350 1496 420 1526 novas
435 1479 507 1526 huius
524 1477 634 1526 vocabuli
666 1481 731 1539 slis,·
757 1481 813 1545 quia
834 1479 892 1528 haec
909 1490 934 1527 et
949 1478 1037 1527 similia
1057 1494 1163 1540 morem,

138 1566 240 1612 rationes
257 1566 400 1629 excogitent.
415 1566 461 1629 Ego
478 1581 547 1626 vero,
562 1581 635 1630 quan-
667 1562 787 1626 indolem,
817 1567 955 1630 ingenium,
989 1563 1163 1626 conditionem,

138 1652 224 1698 tumris
231 1649 360 1698 honoratus
373 1652 405 1697 sit
417 1649 637 1712 Achilles,utcun1-
668 1649 826 1698 characterem
843 1667 953 1715 personae
970 1667 1016 1697 non
1034 1659 1164 1697 monstrant

138 1750 184 1800 quc
209 1734 267 1783 alias
291 1737 380 1784 iustum
410 1744 537 1801 aptumque
563 1736 637 1783 fuerit
668 1751 745 1801 neque
758 1737 868 1784 formant.
878 1734 938 1799 Quid
951 1735 1164 1783 multarlnstiruo

139 1819 276 1885 epitheton,
292 1819 337 1868 hoe
353 1829 431 1868 tamen
447 1820 497 1868 loco
512 1837 582 1886 prave
596 1820 637 1868 ab·
670 1820 716 1868 tibi
729 1822 842 1869 sinceram
855 1821 981 1869 lectionem
996 1823 1042 1869 iam
1056 1838 1069 1868 a
1082 1821 1164 1869 multis

137 1904 254 1971 susdeque
278 1907 334 1972 poni
355 1905 477 1956 contendo.
518 1908 633 1968 Famam,
666 1906 767 1954 saeculis
791 1905 950 1971 deperditam:
981 1909 1094 1970 Seneptor
1116 1907 1165 1954 He-

139 1993 231 2057 inquit,
256 2008 368 2056 seqnerc,
396 2001 422 2040 et
437 1994 462 2040 si
478 1993 576 2056 reponis
597 1994 636 2040 he-
668 2007 773 2040 merenm
794 1993 821 2039 si
832 1992 903 2052 forle
924 1994 1023 2056 reponis
1035 1984 1164 2041 Achillem.

136 2086 250 2126 noralem
276 2079 415 2139 Achillem,-
449 2079 487 2126 sit
512 2079 635 2143 impiger,
667 2079 715 2126 Hoc
738 2095 791 2126 cum
810 2077 924 2127 librariis
942 2095 1057 2144 nusquam
1076 2079 1164 2126 lectum

135 2164 283 2225 iracundus,
304 2165 474 2211 inerorohilis.
513 2163 588 2227 Atqui
613 2172 638 2210 et
670 2179 714 2211 nco
736 2163 843 2211 auditum
860 2174 933 2226 esset,
948 2182 995 2212 non
1008 2167 1093 2212 mirum
1107 2163 1164 2211 adeo

137 2247 200 2296 illud
213 2250 359 2311 honoratos,
385 2251 422 2296 uti
440 2258 548 2310 caetera,
574 2264 633 2312 quae
667 2249 698 2310 si,
724 2247 787 2312 quod
803 2252 907 2314 proxime
927 2248 1067 2311 accedebat,
1093 2252 1162 2298 hono-

138 2343 283 2399 sequuntur,
300 2334 374 2394 femn
394 2343 516 2399 acceptum
534 2343 585 2396 est,
612 2343 636 2381 et
667 2341 766 2395 retum,
784 2334 987 2400 interpolaverint.
1004 2335 1110 2398 Famam,
1126 2337 1163 2383 iu-

75 2474 78 2479 ·
134 2400 226 2483 partem
247 2419 389 2469 characteris
408 2421 539 2468 constituit.
573 2420 632 2484 Ergo
663 2421 734 2485 quit,
755 2436 865 2485 sequere,
883 2430 908 2468 et
923 2422 948 2469 si
964 2422 1062 2484 reponis
1077 2421 1162 2468 Achil·

134 2505 327 2572 stulteinpriore
342 2507 473 2554 sententiae
487 2505 539 2552 colo
552 2507 632 2570 ponit,
667 2507 712 2553 lem
726 2506 880 2555 Hernericnm
887 2528 898 2567 ;
914 2506 986 2554 talem
1000 2516 1028 2555 tu
1043 2506 1113 2554 illum
1122 2523 1162 2556 ex-

111 2590 197 2656 ·quod
221 2595 246 2640 in
269 2594 397 2658 posteriore
421 2591 547 2640 dicendum
569 2601 632 2653 erat,
665 2590 739 2653 hibe,
772 2592 866 2656 qualem
894 2593 1006 2641 Homerus
1036 2595 1160 2661 memoriae
1243 2621 1246 2628 ·

133 2674 178 2725 hoe
196 2678 317 2743 exemplo,
334 2680 366 2726 Si
381 2679 502 2727 Achillem
516 2679 632 2741 reponis,
664 2676 777 2742 prodidit.
807 2678 878 2725 Recte
908 2689 987 2726 autem
1010 2673 1160 2741 Hemereris,

79 2807 82 2812 .
134 2764 172 2810 sil
181 2763 322 2827 honoratus,
335 2767 457 2829 impiger,
472 2773 518 2811 cet.
532 2767 561 2810 At
569 2779 632 2810 nunc
664 2764 712 2810 sive
729 2762 875 2810 Homericus:
896 2766 929 2811 sic
949 2766 1011 2812 enim
1033 2773 1057 2810 et
1074 2766 1174 2812 caeteri

133 2847 233 2913 perinde
247 2860 300 2911 est,
325 2866 352 2897 ac
365 2851 386 2896 si
402 2849 504 2910 dixerit,
520 2848 545 2895 Si
557 2849 632 2911 impi-
663 2846 759 2911 heroes,
776 2848 868 2910 Ulixes,
891 2848 1061 2914 Agamemnon,
1078 2849 1161 2897 Nestor

132 2947 208 2997 grem
234 2933 350 2982 Achillem
376 2932 499 2995 describis,
524 2935 556 2981 sit
578 2934 631 2981 ira·
662 2933 764 2998 aliique,
790 2936 831 2999 qui
846 2935 944 2982 Homero
966 2934 1011 2982 soli
1033 2951 1117 2982 nomen
1134 2945 1159 2984 et

133 3019 232 3066 mendas.
250 3020 306 3082 Quis
319 3020 381 3067 serat
394 3018 495 3085 ὕστερα
508 3019 629 3085 πρότερα
662 3019 747 3068 famam
761 3018 825 3086 apud
838 3030 943 3086 posteros
960 3019 1060 3084 debent,
1075 3022 1160 3086 passim

135 3115 182 3152 tam
201 3114 352 3170 praepostere
369 3106 520 3154 narrantem?
541 3107 635 3170 etquis
666 3107 823 3172 nominpntur.
841 3106 918 3154 Cicero
938 3106 966 3154 de
980 3105 1081 3172 Legibus
1094 3109 1120 3170 1,
1135 3111 1159 3157 1.

132 3207 179 3238 non
200 3192 288 3239 sentiat
306 3190 400 3238 nullum
421 3191 447 3238 in
467 3191 544 3256 priore
560 3207 632 3238 mem·
663 3190 715 3240 Ant
731 3191 793 3254 qnod
805 3192 950 3239 Ilerneriens
965 3190 1048 3240 Ulires
1060 3194 1120 3240 Deli
1133 3208 1160 3240 se

132 3273 175 3325 bo
188 3286 304 3324 moratum
323 3286 347 3324 et
365 3277 563 3343 χαρακτηρίζον
581 3277 631 3341 epi·
657 3291 784 3339 proceram
810 3283 836 3323 el
861 3284 968 3325 teneram
991 3280 1101 3341 palmam
1122 3280 1159 3327 ei·

133 3359 216 3410 theton
242 3379 290 3411 esse
313 3361 493 3411 collocandum?
513 3363 549 3410 Ita
566 3371 630 3410 recte
663 3361 730 3408 disse
750 3362 828 3416 dieii.
854 3363 886 3410 De
908 3363 1055 3411 Divinatione
1070 3364 1095 3426 1,
1116 3365 1157 3413 30.

131 3449 157 3495 in
171 3450 282 3508 caeteris:
297 3449 386 3497 Medea
393 3449 431 3496 sit
438 3449 580 3510 feror,Ino
593 3449 631 3494 sit
663 3448 706 3495 Ea
718 3463 763 3510 qno
776 3449 874 3496 erillnd
889 3449 1015 3496 Homerici
1028 3450 1157 3509 Hectoris,

126 3533 237 3597 flebilis,
254 3535 328 3582 Ision
343 3535 383 3582 sit
398 3534 522 3597 perfides,
548 3535 575 3581 Io
591 3535 629 3580 sil
660 3535 704 3596 qni
737 3535 843 3582 moriem
869 3537 1033 3599 propinquam
1064 3534 1159 3583 Achilli

132 3633 209 3682 vege,
228 3620 326 3668 Orestes
339 3621 377 3668 sit
393 3621 480 3667 tristis
486 3639 497 3679 ,·
514 3617 577 3666 nuda
591 3618 630 3667 hic
662 3626 764 3666 mortem
784 3619 923 3669 dennnmot.
956 3619 1048 3668 Tuscul.
1063 3619 1156 3682 Quaest.

131 3702 197 3750 vides
220 3707 321 3753 nomina.
355 3706 416 3753 Pane
441 3706 487 3752 iam
513 3703 629 3752 adiectiva
661 3705 759 3766 111,ee.
783 3706 849 3752 IIine
864 3707 909 3753 ille
924 3705 1088 3770 Agamemnon
1108 3705 1157 3752 Ile·

131 3788 378 3856 χαρακτηρίζοστα,
396 3791 523 3855 Impediea
539 3789 627 3837 Medea
658 3790 778 3853 mericus,
804 3791 913 3853 idemque
929 3790 1066 3850 Accianus,
1092 3790 1157 3836 scin-

131 3877 169 3922 sil
176 3875 265 3936 feror,
275 3876 354 3924 Fidus
364 3877 462 3924 Orestes
474 3878 512 3923 sil
522 3876 610 3922 tristis
614 3895 624 3935 ‚·
658 3875 718 3923 dens
729 3876 808 3923 dolere
826 3875 961 3922 identidem
976 3875 1101 3922 intonsam
1117 3891 1158 3924 co-

133 3971 157 4009 et
182 3959 283 4008 ridicule
304 3962 330 4008 in
347 3962 435 4026 protasi
456 3961 482 4009 id
504 3962 632 4025 anticipas,
665 3977 736 4008 mom.
751 3959 924 4022 Etibideml'l,
935 3960 974 4008 23.
989 3961 1158 4018 QeidAcnnn·

134 4045 197 4111 quod
210 4047 235 4094 in
253 4045 353 4112 apodosi,
362 4045 455 4093 demum
467 4047 547 4094 venire
561 4044 632 4094 debe·
665 4047 792 4094 Homerico
799 4045 915 4109 foedius,
932 4045 992 4109 qnid
1002 4047 1159 4111 Agamemno
