2752 4844
220 396 259 454 94
482 397 694 460 uuuttll
725 398 967 458 EPISTOLA

244 596 391 688 Fabula,
415 623 503 693 quae
523 601 617 694 posci
637 600 729 688 vult,
753 606 787 670 ct
806 605 953 694 spectata
975 599 1104 693 reponi.

241 716 310 786 Nec
331 717 422 787 Deus
441 719 590 808 intersit,
615 721 679 789 nisi
699 718 822 812 diguus
847 718 977 788 vindice
997 716 1108 787 nodus

244 833 420 923 inciderit,
446 861 507 908 nec
528 846 648 932 quarta
673 838 767 932 loqui
787 860 929 931 persona
954 836 1099 908 laboret.

246 951 378 1024 Actoris
402 964 514 1050 partes
536 957 660 1027 chorus
684 956 902 1050 officiumque
926 956 1023 1026 virile

214 1178 278 1224 tione
287 1179 395 1226 vetandi.
405 1180 557 1244 Praeceptum
566 1179 713 1228 illud:mul·
744 1189 824 1228 autem
845 1179 960 1228 iudicium
981 1179 1010 1226 fit
1031 1180 1056 1226 iu
1073 1177 1180 1240 theatro,
1203 1195 1244 1226 uc·

214 1269 242 1310 tu
254 1265 325 1311 tolles
338 1280 369 1310 eu
382 1266 471 1322 oculis,
486 1280 546 1328 quae
562 1281 608 1312 coa
623 1267 711 1312 auaui
744 1281 790 1330 que
806 1265 934 1331 Tragoedia
950 1273 1011 1325 stat,
1027 1264 1075 1311 nisi
1090 1263 1193 1329 populus
1206 1280 1244 1312 us·

213 1350 304 1395 melius
315 1351 443 1409 narratum·
461 1349 574 1415 exemplis
590 1342 710 1412 illustrat,
744 1367 789 1416 que
806 1350 836 1399 ad
846 1352 963 1415 plaudite
979 1349 1081 1411 sederit,
1098 1358 1170 1414 atque
1183 1347 1245 1397 illud

149 1475 152 1481 .
212 1443 325 1498 vetatque
342 1451 372 1482 ue
386 1452 439 1483 v.c.
462 1434 543 1484 Medea
558 1434 646 1484 liberos
660 1445 709 1483 tru-
742 1437 835 1501 siguum
860 1436 960 1484 dederit.
990 1436 1052 1483 Talis
1074 1433 1174 1496 fabula,
1197 1437 1245 1483 iam

214 1517 279 1567 cidet
295 1536 371 1566 coram
385 1521 481 1584 populo.
496 1523 618 1569 Praesens
630 1537 711 1569 corum
743 1531 849 1587 spectata
868 1532 891 1569 et
909 1520 1023 1587 probata,
1032 1510 1161 1584 poscitcir,
1179 1536 1246 1585 repo·

214 1614 243 1652 ut
256 1604 352 1653 Plautus
365 1605 604 1669 Pseud.IV‚v11,43.
617 1609 711 1671 quiete
744 1609 841 1670 scitur,
864 1611 963 1656 tertium
980 1616 1090 1672 quartum
1110 1616 1134 1654 et
1151 1608 1247 1672 saepius

213 1692 497 1756 ipucsceruenpraescus
508 1701 664 1756 praesentem
672 1695 710 1740 ci-
741 1695 855 1758 poscitur.
885 1693 951 1758 Quod
973 1695 1080 1759 ignotum
1101 1703 1150 1754 cst,
1177 1695 1245 1758 posci

214 1777 271 1825 det:
279 1777 355 1825 etalii
367 1794 436 1843 saepe
445 1777 503 1826 haec
511 1780 628 1844 iungunt,
638 1796 712 1844 quau·
743 1797 791 1827 nou
807 1789 892 1844 potest.
911 1780 949 1827 Sic
964 1780 1087 1827 Terentius
1104 1781 1129 1826 iu
1146 1779 1245 1844 Prologo

214 1861 244 1910 do
259 1864 309 1911 rim
324 1865 350 1911 in
371 1862 415 1911 illa
433 1867 567 1928 praesentia
584 1874 709 1929 reponunt.
743 1864 844 1913 Andriae
862 1867 903 1914 24.
934 1867 1040 1928 Facete,
1066 1866 1149 1914 adeste
1172 1880 1247 1928 aequo

246 1949 354 2010 Fabaria,
364 1951 503 2012 quueposce'
511 1950 578 2011 cult,
587 1957 714 2014 etspeota·
747 1951 844 2012 animo,
861 1959 888 1998 et
904 1966 955 1998 rem
970 1953 1123 2021 cognoscite,
1145 1953 1178 1998 Ut
1188 1966 1248 2015 per·

215 2041 243 2082 tc
255 2036 349 2097 reponi.
363 2034 434 2081 Nulla
449 2036 475 2081 iu
484 2033 553 2082 Godd.
566 2036 661 2099 scriptis
673 2051 713 2082 va·
746 2037 868 2098 noscatis,
885 2044 912 2083 et
925 2037 986 2098 qaid
996 2039 1051 2101 spei
1064 2038 1102 2085 sit
1115 2038 1245 2100 reliquum.
1289 2074 1291 2078 Α

214 2121 301 2181 rietus,
317 2121 364 2167 nisi
379 2121 511 2184 spectando
527 2137 569 2185 pro
585 2128 711 2184 spectuta5
746 2122 852 2170 Posthac
873 2138 934 2186 qteus
946 2123 1032 2183 societ
1051 2124 1080 2172 de
1095 2124 1195 2187 integro
1210 2139 1247 2171 cu·

213 2204 283 2253 solita
296 2205 340 2252 illa
352 2207 475 2271 utriusque
489 2206 613 2272 participii
625 2208 651 2254 in
664 2209 713 2272 pri·
744 2209 868 2271 mecetius,
886 2210 1050 2273 Spectandae,
1065 2225 1098 2256 au
1113 2209 1248 2274 erigendae

215 2307 254 2338 ma
276 2293 439 2356 coniugatione
454 2301 491 2339 cst
506 2292 659 2356 permutatio.
685 2294 713 2340 Et
746 2294 800 2341 sint
813 2295 881 2342 oobc's
889 2297 973 2358 prius.
988 2294 1032 2343 Ubi
1045 2295 1158 2343 Donatus:
1170 2296 1248 2359 »Spe-

215 2376 386 2424 Gommeutator
402 2375 464 2425 vidit
479 2379 619 2442 spectanda.
642 2379 717 2425 Fusci
748 2380 868 2441 ctaudue,
893 2382 1005 2444 proprie,
1033 2389 1061 2426 ut
1082 2379 1197 2442 fabulae,
1221 2379 1248 2428 id

216 2471 241 2509 et
261 2464 348 2525 reponi
367 2479 414 2509 uon
438 2462 539 2527 pulchre
563 2464 646 2511 Latine
670 2460 717 2509 sibi
750 2473 799 2526 est,
812 2456 977 2526 pisanum
996 2464 1099 2528 Populus
1115 2467 1190 2529 igitur
1206 2482 1248 2530 po-

214 2546 365 2612 respondent.
385 2548 459 2611 Quare
477 2558 502 2597 ct
517 2546 713 2615 Wytteubachius
745 2550 802 2612 scit,
817 2547 880 2614 quod
894 2551 941 2596 iam
950 2551 1067 2614 cognovit
1081 2550 1162 2598 Horat,
1171 2551 1247 2615 Epist.

214 2631 312 2681 volebat
331 2633 370 2681 vel
382 2635 606 2699 posci—reposci
620 2633 659 2682 vel
671 2649 715 2698 po·
747 2634 783 2695 11,
805 2648 828 2696 1,
851 2636 907 2682 185.
937 2636 1023 2683 Media
1043 2637 1113 2683 inter
1136 2639 1249 2685 carmina

214 2720 386 2784 cti—reponi.
401 2719 520 2768 siveram
534 2721 718 2784 essctposet'-
745 2727 851 2784 permeat
880 2720 934 2769 Aut
957 2735 1042 2768 ursum
1071 2730 1116 2770 aut
1136 2724 1248 2787 pugiles.

153 2857 156 2864 f
215 2807 315 2870 reponi,
337 2806 481 2871 praeferrem
501 2807 633 2870 spectanda
648 2821 715 2870 repo·
746 2804 868 2854 Interdum
889 2816 957 2855 notos
982 2807 1123 2872 gladiatores
1143 2808 1248 2875 postula-

206 2893 261 2955 .m',
286 2893 404 2958 poscitur,
426 2901 455 2940 ut
470 2893 558 2940 iterum
578 2899 712 2955 spectetur:
746 2889 821 2954 baut,
844 2907 904 2957 quae
924 2894 1002 2956 perio
1021 2895 1187 2957 postulatitt'u
1207 2911 1248 2959 ap-

214 2987 244 3027 ut
267 2978 340 3027 Scrm.
358 2978 383 3040 1,
395 2990 424 3040 x,
440 2980 481 3026 32.
503 2976 606 3024 redeant
622 2977 716 3024 iterum
749 2978 849 3042 pellavit
864 2977 959 3027 Seneca.
985 2978 1047 3043 Quid
1062 2980 1156 3029 multa?
1176 2980 1248 3029 Hora-

214 3072 289 3127 atque
317 3065 410 3111 iterum
439 3062 571 3127 spectanda
596 3063 712 3111 tteacris.
747 3064 807 3111 tium
820 3065 940 3128 scripsisse
954 3066 1179 3114 existimochbulu
1189 3081 1249 3129 qaeue

214 3147 260 3196 Sed
271 3150 359 3212 posce,
381 3158 409 3196 ut
432 3149 550 3211 arbitror,
578 3157 715 3212 corruptum
748 3149 874 3212 pectori,
895 3155 921 3195 et
942 3151 998 3197 vult
1012 3159 1123 3214 spectatu
1139 3153 1249 3214 reposti:

214 3243 258 3282 ast.
275 3235 385 3282 Horatius
401 3234 507 3300 loquitur
524 3233 552 3282 da
566 3234 716 3299 compositio·
748 3249 810 3298 quae
831 3222 948 3281 ad‘fiucm
967 3234 1020 3284 vult
1037 3237 1152 3300 spectari,
1175 3245 1248 3300 atque

213 3334 244 3367 ne
267 3317 423 3383 Tragoediae,
453 3319 568 3384 quomodo
592 3317 728 3371 scribenda,
747 3319 783 3366 ita
804 3327 910 3382 spectata
933 3329 957 3367 et
973 3319 1072 3385 probata
1088 3322 1188 3385 reposci.
1212 3324 1249 3370 Au

161 3460 163 3465 ¹
213 3407 259 3468 sit,
282 3406 303 3452 si
319 3405 419 3468 integris
439 3413 464 3450 ct
481 3403 581 3452 eruditis
597 3403 716 3453 iudicibus
748 3401 845 3466 fabula,
863 3420 924 3469 quae
940 3408 1032 3472 agitur,
1044 3408 1107 3470 pom'
1123 3415 1147 3454 ct
1162 3411 1249 3470 reponi

212 3490 243 3540 ab
260 3490 330 3539 initio
346 3489 463 3538 adfinem
479 3490 573 3554 placere
589 3490 656 3538 velit.
674 3490 716 3538 Ta·
748 3489 831 3537 Latine
854 3488 960 3554 dicatur,
981 3491 1050 3539 valde
1072 3489 1163 3540 dubito.
1186 3492 1249 3540 Scri·
1282 3550 1286 3556 ἱ

213 3578 244 3626 lis
268 3575 397 3642 Tragoedia
426 3585 461 3622 est
484 3591 557 3638 nova,
586 3591 714 3640 numquam
746 3585 801 3640 ptos
815 3577 902 3638 pouit,
916 3576 1161 3640 reponitdchc'llem,
1187 3578 1248 3627 facit

212 3672 335 3730 spectata,
365 3663 486 3726 incognita
510 3659 618 3709 theatris.
648 3648 711 3708 Haec
742 3659 860 3709 Achillem
876 3670 1043 3726 argumentum
1059 3659 1173 3726 subulae,
1190 3665 1248 3713 scri·

212 3748 341 3815 Tragoedia
370 3745 452 3796 audita
470 3747 569 3794 sortasse
585 3744 615 3793 ab
631 3746 711 3793 amicis
743 3745 795 3809 bit,
818 3756 843 3794 ct
864 3747 914 3811 ipse
930 3754 984 3810 post
1000 3746 1059 3794 alios
1074 3747 1158 3796 scribit
1175 3747 1247 3798 huius

212 3836 239 3882 in
259 3836 417 3896 recitatione,
441 3831 545 3880 noudum
562 3840 659 3896 experta
675 3841 711 3878 est
741 3833 843 3880 nominis
865 3831 1033 3897 Tragoediam:
1063 3833 1192 3900 Tragoedia
1221 3835 1247 3883 iu

166 3946 173 3962 ι
212 3919 328 3968 iudicium
339 3920 435 3985 pupuli.
452 3919 501 3966 Etsi
512 3915 640 3982 Tragoedia
659 3916 711 3980 pla·
742 3934 811 3966 scena
831 3919 937 3983 egitur,
961 3935 1009 3966 nou
1025 3921 1145 3983 ponitur,
1164 3936 1243 3985 neque

213 4014 266 4052 oeat
294 4007 320 4053 iu
348 4006 505 4066 recitatione,
531 4019 579 4050 uon
602 4002 709 4068 sequitur
741 4004 829 4051 iterum
846 4013 899 4054 acta
914 4006 1058 4068 reperim,-
1080 4007 1127 4054 uisi
1144 4007 1243 4053 sortasse

213 4088 310 4137 candem
326 4092 352 4138 in
368 4107 439 4139 scena
454 4090 612 4155 placituram:
631 4105 711 4137 verum
743 4089 832 4138 ironice
856 4089 933 4153 dicas,
957 4101 1075 4157 tamquam
1097 4090 1125 4139 de
1143 4090 1196 4138 cibo
1221 4100 1246 4139 et
