2752 4844
349 341 352 353 '
479 371 815 433 sormones.

177 578 244 647 Nec
267 579 400 670 gemino
425 574 555 646 bellum
577 573 761 645 Troianum
785 573 916 645 orditur
939 575 982 646 ab
1009 601 1082 648 ovo.

175 697 314 790 Semper
338 694 380 764 ed
405 702 562 764 eventum
588 692 742 783 festinat,
767 694 859 763 etin
883 695 1008 766 medies
1034 719 1106 786 res,

174 815 249 885 Non
275 836 371 883 secus
395 821 572 901 cunetae,
598 811 784 881 auditorem
811 813 919 907 rapit,
943 821 977 884 et
997 838 1084 908 quae

174 933 335 1027 Despcrut
362 938 501 1002 tractata
526 932 684 1001 nitescere
711 925 838 1024 posse,
852 932 1033 1026 relinquit,

96 1049 99 1055 ’
178 1051 290 1144 Atque
316 1053 361 1120 ite
384 1051 562 1139 mentitur,
588 1050 636 1118 sic
657 1047 846 1140 rerisfslsu
871 1053 1042 1143 remiscet,

175 1171 287 1239 Primo
310 1194 352 1240 ue
374 1165 539 1258 medium,
565 1167 675 1238 medio
698 1191 740 1238 ne
765 1168 931 1262 discrepet
954 1171 1071 1244 imum.

176 1289 246 1379 Tu,
269 1289 351 1381 qnid
373 1312 436 1382 ego
459 1295 493 1359 et
512 1286 662 1383 populus
684 1310 818 1358 mecum
841 1286 1024 1383 desideret,
1050 1291 1141 1362 audi.

176 1408 209 1477 Si
234 1408 400 1502 plausoris
424 1430 499 1501 eges
524 1406 642 1476 aulaea
666 1404 833 1476 manentis
854 1414 889 1477 et
914 1431 1022 1502 usque

141 1650 210 1700 verbi
221 1651 338 1700 (irasciet
351 1650 640 1716 Ietini'signilicationem
673 1652 769 1715 opinor,
788 1653 901 1701 rusticam
909 1653 1126 1703 inconcinnitatem.
1145 1656 1174 1703 Et

141 1739 189 1785 iam
210 1737 373 1786 illustraverat
392 1736 519 1785 Salmasius
537 1736 567 1784 ad
586 1736 641 1784 'Ier-
672 1753 728 1785 saue
758 1738 785 1787 iu
814 1736 934 1804 plerisque
965 1738 1086 1789 codicibus
1109 1740 1174 1789 illud

143 1822 240 1871 tulliani
252 1823 354 1871 Panium
364 1839 417 1888 pag.
428 1825 487 1886 170,
497 1823 640 1888 quitamen,
674 1824 805 1871 Purusoris
815 1825 953 1873 correctoris
968 1842 1062 1874 manum
1079 1842 1174 1891 passum

143 1925 217 1975 quum
243 1910 415 1975 interpretatur
439 1912 490 1958 loca
513 1912 641 1958 iustruere
674 1919 717 1961 cst.
734 1909 877 1958 Graecianus
890 1912 993 1976 primum
1009 1911 1095 1960 hahuit
1112 1914 1175 1962 Plus

142 1997 258 2058 urbibus,
275 1996 390 2060 cogitavit
406 1994 435 2044 de
452 2012 497 2057 eo,
515 1994 578 2060 quod
594 1994 645 2060 ple·
677 1998 744 2055 eris;
758 1995 879 2044 Vossianus
895 1999 1025 2047 Plusoris:
1040 2015 1101 2048 unus
1117 2000 1176 2049 Oxo·

143 2098 243 2146 rumque
264 2080 352 2139 fiebat,
374 2080 416 2129 sed
439 2081 503 2129 idem
518 2080 582 2129 illud
597 2098 644 2129 non
676 2081 765 2130 niensis
779 2083 908 2131 Plusoris:
928 2086 954 2134 in
969 2084 1098 2150 Reginensi
1114 2087 1177 2134 inte·

143 2184 236 2232 semper
256 2165 338 2216 fiebat.
371 2165 436 2215 Adde
457 2167 601 2230 interpretes
613 2163 645 2215 ud
676 2182 744 2230 grum
757 2164 890 2214 verbnmin
904 2167 976 2216 litura
985 2168 1116 2218 demersum
1125 2180 1175 2234 est,

135 2255 236 2302 divium
249 2252 281 2315 V,
295 2253 335 2301 24.
355 2253 481 2301 Sicinium
492 2251 642 2299 emditorem
675 2260 699 2299 et
716 2246 864 2316 suppositum
880 2252 928 2302 alia
944 2270 1015 2302 mauu
1031 2256 1174 2304 Pluuseris.

144 2339 177 2387 ud
200 2339 270 2386 Veios
285 2345 436 2401 sequentum·
460 2336 506 2386 hoc
525 2346 575 2399 est,
602 2336 645 2402 qui
677 2335 787 2402 Repone,
813 2336 895 2387 eadem
920 2337 1015 2404 quidem
1039 2343 1176 2405 sententia,

143 2427 206 2490 ipsos
217 2423 289 2473 ducet
302 2424 333 2471 ad
348 2424 416 2472 Veios
427 2439 476 2474 unu
492 2439 546 2472 cum
560 2423 644 2473 Veien·
675 2420 747 2470 verbo
775 2431 855 2472 tamen
876 2422 916 2474 hic
943 2425 1112 2490 commodiore,
1144 2429 1177 2476 Si

144 2509 209 2560 tibus
224 2509 369 2560 incolendos.
666 2507 785 2569 fautoris
809 2524 866 2574 eges
885 2512 974 2560 aulaea
993 2515 1134 2578 usaueutis,
1150 2521 1177 2562 ct

175 2596 338 2662 Neogemiuo
353 2597 440 2646 bellum
453 2598 587 2645 Troianum
604 2611 642 2644 or-
673 2609 749 2658 usque
771 2596 888 2659 Sessuri,
914 2597 986 2645 donec
1004 2607 1108 2662 cuntur,
1133 2616 1176 2648 uus

144 2683 216 2740 ditur
234 2685 264 2732 ul
284 2699 334 2732 uve.
359 2683 410 2731 Non
425 2681 476 2730 ridi
491 2691 598 2731 notatam
613 2679 644 2729 ab
671 2681 806 2744 plaudite,
831 2681 907 2730 dicut.
937 2683 1021 2733 Noster
1049 2686 1124 2750 Epist.
1150 2688 1176 2751 1,

144 2769 225 2835 aliquo
237 2772 264 2818 in
285 2768 346 2818 MSS.
363 2770 511 2819 varietatem.
536 2768 565 2815 In
581 2768 643 2816 unti-
673 2777 745 2828 xvm,
759 2767 800 2814 θθ.
818 2767 914 2814 Fcuter
926 2776 1029 2832 utroque
1045 2777 1115 2818 tuum
1124 2772 1177 2819 luu-

146 2856 256 2920 quissimo
280 2864 359 2903 nostro
384 2852 494 2901 Leidensi
518 2861 565 2900 est:
591 2852 644 2900 Nee
676 2852 747 2900 dabir
754 2852 846 2916 pollice
859 2851 950 2902 lardum.
968 2863 993 2902 et
1008 2854 1069 2903 alibi
1081 2857 1178 2904 Fauior

142 2944 243 3007 gemino
267 2941 354 2989 bellum
375 2939 465 2987 Troiae
484 2938 594 2986 sortitur
614 2938 644 2986 al
675 2938 786 3000 Lucilii,
801 2938 896 2986 Fautor
909 2947 1026 2989 osterum.
1046 2941 1176 3007 Utrumque

146 3043 197 3077 ouo.
608 3028 609 3032 ’
674 3025 755 3072 iunxit
769 3024 888 3088 spiren,
905 3037 928 3087 1,
942 3026 983 3074 88.
1000 3027 1178 3092 {regeniisuou

180 3117 235 3177 Tu,
257 3111 319 3177 quid
333 3125 377 3176 ego
394 3118 420 3159 et
431 3111 539 3175 populus
551 3124 643 3158 meeum
674 3111 720 3158 ille
728 3110 806 3170 secet
813 3110 963 3174 plauditqrae
980 3114 1095 3176 sepultis.
1114 3114 1177 3178 Quin

145 3195 643 3262 mederer,audi.1ncollectaneisuram-
675 3196 701 3244 in
714 3194 808 3244 theatro
822 3196 934 3262 Fertor„
945 3198 1036 3262 pariter
1053 3215 1082 3247 ac
1099 3200 1178 3249 Plau*

135 3264 239 3338 'mauris
254 3284 309 3334 (lod.
326 3282 512 3333 Darentriensis:
531 3284 570 3331 Tu
583 3281 645 3344 quid
673 3297 722 3330 ser.
742 3281 840 3329 Plautus
853 3281 944 3349 Prolog.
956 3283 1075 3348 Amphitr.
1093 3285 1119 3334 I.
1133 3287 1175 3335 ⁰7.

146 3388 191 3438 ego
198 3373 312 3438 popam,
677 3367 752 3415 Nunc
775 3368 818 3415 hoc
838 3382 876 3414 me
892 3383 961 3416 orere
982 3386 998 3417 a
1012 3371 1080 3418 veiis
1096 3372 1178 3419 iussit

179 3461 211 3510 Si
221 3459 351 3524 plausoris
365 3471 422 3522 eges
442 3456 529 3503 auitae
546 3468 644 3501 maneu-
676 3453 790 3516 Iupitcr,
815 3453 848 3501 Ut
871 3456 1051 3518 conquisitores
1077 3457 1178 3520 singuli

146 3546 193 3595 sie.
209 3543 266 3593 vide
282 3542 351 3593 modo
367 3542 457 3590 locum:
475 3541 507 3588 Si
515 3539 645 3604 plausoris
676 3540 706 3586 ir
713 3539 831 3586 subsellia
844 3541 915 3587 Eunt
925 3556 973 3604 per
988 3548 1066 3589 tetum
1078 3557 1176 3590 caveum

148 3645 205 3694 egos
215 3629 447 3689 sumersetensis,
464 3633 491 3674 et
505 3625 581 3689 resque
588 3627 645 3673 See·
677 3626 869 3688 spectatoribus5
885 3627 916 3674 st
928 3628 970 3674 cui
977 3628 1096 3687 fauturos
1112 3628 1176 3676 dele·

148 3717 218 3779 auri,
232 3715 414 3776 desecantur,
428 3729 470 3765 res
479 3711 594 3778 plaudite
607 3711 644 3759 di·
672 3716 749 3775 garos
760 3711 884 3774 mderiut,
905 3713 938 3760 Ut
952 3714 991 3761 iis
1005 3715 1035 3760 iu
1050 3728 1124 3761 cauea
1131 3716 1175 3779 pi-

147 3809 198 3851 cci.
215 3801 339 3866 Nunquam
355 3802 478 3867 quisquam
490 3816 505 3847 a
521 3815 558 3846 me
571 3798 646 3862 impe·
674 3812 742 3861 gnus
755 3800 871 3862 capiatur
885 3806 1005 3863 rogau—
1018 3799 1117 3861 Virtute
1125 3814 1176 3848 uus·

149 3886 239 3949 trabit,
261 3895 290 3934 ut
303 3884 364 3934 huuc
379 3884 527 3935 inhonestam
543 3882 646 3933 scabiem
678 3884 731 3931 dire
752 3891 863 3947 oportet,
880 3899 928 3931 nore
935 3884 1101 3944 fuoitmibus.
1126 3886 1175 3935 Sui

143 3973 245 4022 Horatio
271 3973 400 4037 imputem:
430 3972 576 4033 Pluusoris,
600 3971 643 4035 qui
675 3969 746 4016 tutet
760 3968 902 4028 favitorum
923 3984 1030 4033 semper,
1048 3972 1092 4032 qui
1106 3979 1174 4020 racto

149 4059 230 4111 sedeat
245 4074 320 4125 usque
345 4055 376 4105 ad
390 4056 516 4121 plaudite.
549 4055 643 4116 Sentis,
668 4054 747 4114 fucit.
764 4053 858 4102 Tacitus
871 4053 955 4103 rinnel.
975 4054 1045 4119 XIII,
1059 4058 1101 4106 25.
1125 4058 1174 4108 Lu·
