2752 4844
180 386 238 452 188
441 383 656 449 nouum
688 382 933 447 urlsrobr

179 585 221 658 Et
241 589 401 658 iuvenum
420 585 488 656 ritu
512 582 634 655 florent
657 584 759 655 modo
783 592 861 656 natu
885 586 1081 681 vigentque,
1133 598 1195 660 62.

180 705 289 778 Multo
307 712 538 793 renascentur,
556 727 643 796 quae
660 705 726 773 iam
740 704 904 794 cecidere,
921 705 1107 798 cadentque
1132 712 1194 778 70.
1297 704 1302 712 ’

181 824 275 913 Quae
290 848 383 895 nuno
399 825 522 893 suntin
534 821 661 892 honore
673 820 854 912 vocabule,
872 824 1004 894 sivolet
1016 846 1115 916 usus,
1131 831 1193 895 71.
1224 886 1227 892 .

181 943 291 1032 Quem
303 964 405 1038 penes
417 940 593 1010 arbitrium
606 950 656 1010 est
667 951 701 1010 et
710 941 763 1010 ius
776 948 809 1010 et
819 964 936 1012 norma
946 942 1119 1036 loquendi.
1132 949 1193 1014 ⁷2.

181 1061 352 1133 Debemur
375 1061 475 1130 morti
499 1082 561 1129 uos
582 1066 782 1152 nostraque:
806 1061 874 1130 sive
890 1059 1049 1157 'receptus
1133 1072 1193 1133 63.

180 1181 283 1251 Terra
303 1179 480 1274 Neptunus
504 1177 626 1247 classes
646 1161 1006 1270 Aquilonibus'arcess
1133 1191 1192 1251 64.

179 1300 280 1392 Regis
297 1319 400 1392 opus,
423 1295 612 1389 sterilisque
633 1295 694 1366 diu
716 1296 815 1391 palus
839 1308 984 1396 aptaque
1005 1299 1105 1369 remis
1132 1308 1191 1370 65.

179 1418 320 1509 7333333
338 1413 439 1486 urbes
463 1414 523 1483 alit
545 1424 580 1484 et
604 1439 704 1507 grave
727 1417 827 1486 sentit
842 1424 1014 1503 ¹eretrum3
1133 1428 1191 1490 66.

180 1536 248 1606 Seu
273 1518 579 1609 eursummutavit
602 1533 757 1626 iniquum
776 1533 932 1628 frugibus
956 1537 1080 1624 amnis,
1131 1543 1191 1606 67.

180 1656 309 1726 Doctus
329 1655 392 1724 iter
416 1651 552 1723 melius:
575 1653 729 1722 mortalia
755 1653 842 1723 facin
866 1652 1044 1747 peribunt,
1129 1665 1189 1726 68.

179 1774 310 1847 Nedum
334 1795 526 1845 sermonum
551 1777 616 1840 stet
639 1771 747 1842 honos
771 1781 805 1842 et
830 1773 935 1866 gratia
961 1775 1067 1842 vivax.
1132 1784 1191 1847 69.

393 2023 398 2027 ’
478 2067 621 2140 curm
646 2065 889 2137 smunnuu.

427 2249 574 2289 runcum
594 2249 629 2288 DE
649 2247 765 2287 Gllfflss
784 2245 943 2286 nurmlco.

676 2428 701 2497 Ι.

180 2570 247 2640 Res
273 2573 382 2661 gestae
402 2591 587 2661 regumque
607 2565 802 2659 ducumque
823 2576 859 2636 et
880 2567 987 2637 tristia
1007 2566 1098 2639 belle
1132 2575 1197 2640 73.

180 2687 257 2776 Quo
276 2684 376 2756 scribi
395 2697 531 2780 possent
546 2708 703 2777 numero,
724 2687 921 2755 monstravit
938 2687 1116 2758 Homerus.
1132 2695 1156 2756 7
1160 2699 1192 2758 4.

179 2804 339 2876 Versibus
360 2806 531 2899 impariter
553 2805 677 2874 iuuetis
697 2805 907 2898 querimonia
927 2806 1091 2900 primum,
1132 2814 1192 2878 75.

180 2924 260 2995 Post
283 2925 382 2994 etiam
405 2925 535 2994 inclusa
559 2930 610 2993 est
632 2925 701 2992 voti
727 2926 890 2994 sententia
913 2947 1061 3019 compos.
1132 2931 1194 2997 76.

180 3043 264 3132 Quis
288 3050 398 3112 tamen
422 3044 560 3135 exiguos
585 3041 696 3134 elegos
720 3043 865 3117 emiserit
890 3052 1027 3134 auctor,
1132 3051 1192 3114 77.

180 3161 394 3232 Grammatioi
419 3167 547 3230 certant
571 3167 605 3231 et
630 3159 741 3231 adhuc
763 3158 828 3230 sub
849 3160 960 3231 iudice
984 3161 1027 3231 lis
1048 3168 1108 3232 est.
1133 3169 1192 3232 78.

173 3384 296 3435 Horatium
311 3383 387 3432 edidit
399 3382 538 3448 Vitebergue
551 3400 574 3432 a.
586 3385 666 3446 1806,
731 3382 828 3431 Nedum
848 3398 984 3432 sermonum
1008 3392 1061 3433 stet
1081 3387 1155 3434 bonos
1173 3393 1202 3435 et

173 3471 271 3520 coniicit
280 3472 368 3536 prisea
383 3469 481 3518 eadunt.
697 3471 788 3534 gratio
807 3471 890 3518 36333.
907 3469 1079 3549 commentator
1090 3471 1187 3536 cruquii

206 3559 286 3624 Regis
300 3573 366 3622 opos.
383 3555 449 3620 Quod
463 3554 585 3604 emendavi
600 3555 673 3603 Urbis
705 3555 825 3617 373333,
839 3563 969 3620 perpetua.
992 3557 1017 3605 Si
1032 3556 1089 3606 haee
1105 3559 1203 3622 omnio,

77 3652 80 3659 '
174 3660 247 3710 optes,
264 3659 349 3691 nomen
365 3644 438 3690 Urbis
450 3643 497 3690 iam
510 3642 587 3706 ipsum
600 3643 674 3706 signi·
706 3656 766 3706 quoe
786 3652 914 3690 memoratu
930 3653 1001 3705 sunt,
1026 3642 1112 3710 absque
1128 3641 1205 3692 (lubio

174 3731 309 3781 ficationem
331 3729 518 3795 mugrtitudinis
538 3743 617 3776 secum
633 3728 670 3774 of·
702 3736 826 3774 mutantur
853 3737 877 3774 et
906 3738 1047 3792 transeunt,
1068 3726 1204 3778 'verborum

174 3817 232 3867 fert.
249 3818 286 3865 ltu
300 3832 346 3864 usu
359 3823 482 3881 re‘oeptum
503 3815 552 3862 fuit
569 3813 671 3878 oppido,
704 3814 780 3877 gratia
797 3815 907 3878 perennis
923 3814 1038 3880 quomodo
1054 3832 1149 3864 manere
1162 3832 1207 3882 po-

161 3917 216 3968 ,pro
232 3904 309 3951 valde,
624 3902 628 3911 ’
703 3899 789 3947 test?”
813 3898 841 3947 N.
858 3899 967 3948 Heinsius
988 3899 1137 3950 scribendum
1160 3919 1206 3968 pu·

207 3990 256 4036 Seu
271 4004 369 4037 sursum
383 3989 501 4036 mutavit.
516 3986 542 4034 ln
558 3985 604 4034 MS.
618 3985 671 4034 vla·
703 3993 752 4033 tet:
767 3985 864 4032 Nodum
877 3992 907 4033 ut
920 4001 1055 4034 sermonum
1067 3995 1119 4035 stet
1131 3989 1205 4036 honos

175 4073 294 4137 mingiano
309 4087 404 4121 curuos.
707 4076 733 4117 st
744 4072 836 4135 gratia
852 4073 935 4119 33333.
