<?xml version="1.0" encoding="UTF-8"?>
<!DOCTYPE html PUBLIC "-//W3C//DTD XHTML 1.0 Transitional//EN"
    "http://www.w3.org/TR/xhtml1/DTD/xhtml1-transitional.dtd">
<html xmlns="http://www.w3.org/1999/xhtml" xml:lang="en" lang="en">
 <head>
  <title>
</title>
<meta http-equiv="Content-Type" content="text/html;charset=utf-8" />
  <meta name='ocr-system' content='tesseract 3.04.00' />
  <meta name='ocr-capabilities' content='ocr_page ocr_carea ocr_par ocr_line ocrx_word'/>
</head>
<body>
  <div class='ocr_page' id='page_1' title='image "./qhoratiiflaccie01horagoog_0040.png"; bbox 0 0 2752 4844; ppageno 0'>
   <div class='ocr_carea' id='block_1_1' title="bbox 549 378 1207 443">
    <p class='ocr_par' dir='ltr' id='par_1_1' title="bbox 549 378 1207 443">
     <span class='ocr_line' id='line_1_1' title="bbox 549 378 1207 443; baseline -0.012 -1"><span class='ocrx_word' id='word_1_1' title='bbox 549 378 610 442; x_wconf 77' lang='lat' dir='ltr'><strong>Al)</strong></span> <span class='ocrx_word' id='word_1_2' title='bbox 640 378 861 441; x_wconf 78' lang='lat' dir='ltr'><strong>Plsotvus.</strong></span> <span class='ocrx_word' id='word_1_3' title='bbox 1160 379 1207 443; x_wconf 50' lang='grc' dir='ltr'><strong>ς31</strong></span> 
     </span>
    </p>
   </div>
   <div class='ocr_carea' id='block_1_2' title="bbox 219 581 1176 699">
    <p class='ocr_par' dir='ltr' id='par_1_2' title="bbox 219 581 1176 699">
     <span class='ocr_line' id='line_1_2' title="bbox 219 581 1176 699; baseline -0.004 -44"><span class='ocrx_word' id='word_1_4' title='bbox 219 584 325 699; x_wconf 57' lang='lat' dir='ltr'><strong>Regisx</strong></span> <span class='ocrx_word' id='word_1_5' title='bbox 342 605 448 680; x_wconf 58' lang='lat' dir='ltr'><strong>opum</strong></span> <span class='ocrx_word' id='word_1_6' title='bbox 472 582 661 678; x_wconf 83' lang='lat' dir='ltr'><strong>sterilisque</strong></span> <span class='ocrx_word' id='word_1_7' title='bbox 671 583 731 655; x_wconf 91' lang='lat' dir='ltr'><strong>diu</strong></span> <span class='ocrx_word' id='word_1_8' title='bbox 753 583 854 678; x_wconf 85' lang='lat' dir='ltr'><strong>palus</strong></span> <span class='ocrx_word' id='word_1_9' title='bbox 861 635 873 675; x_wconf 90' lang='lat'>,</span> <span class='ocrx_word' id='word_1_10' title='bbox 901 581 1176 679; x_wconf 86' lang='lat' dir='ltr'><strong>aptequeremis,</strong></span> 
     </span>
    </p>
   </div>
   <div class='ocr_carea' id='block_1_3' title="bbox 187 785 1210 941">
    <p class='ocr_par' dir='ltr' id='par_1_3' title="bbox 187 785 1210 941">
     <span class='ocr_line' id='line_1_3' title="bbox 187 785 1210 853; baseline -0.003 -16"><span class='ocrx_word' id='word_1_11' title='bbox 187 789 245 837; x_wconf 81' lang='lat' dir='ltr'><strong>Num</strong></span> <span class='ocrx_word' id='word_1_12' title='bbox 258 785 419 853; x_wconf 82' lang='lat' dir='ltr'><strong>quodprvnes</strong></span> <span class='ocrx_word' id='word_1_13' title='bbox 431 801 519 850; x_wconf 82' lang='lat' dir='ltr'><strong>annos,</strong></span> <span class='ocrx_word' id='word_1_14' title='bbox 535 785 576 835; x_wconf 88' lang='lat' dir='ltr'><strong>hie</strong></span> <span class='ocrx_word' id='word_1_15' title='bbox 590 785 681 837; x_wconf 84' lang='lat' dir='ltr'><strong>dictum</strong></span> <span class='ocrx_word' id='word_1_16' title='bbox 713 789 760 837; x_wconf 83' lang='lat' dir='ltr'><strong>liis</strong></span> <span class='ocrx_word' id='word_1_17' title='bbox 773 789 916 837; x_wconf 74' lang='lat' dir='ltr'><strong><em>cadentibus</em></strong></span> <span class='ocrx_word' id='word_1_18' title='bbox 932 788 1017 836; x_wconf 82' lang='lat' dir='ltr'><strong>virens</strong></span> <span class='ocrx_word' id='word_1_19' title='bbox 1031 789 1098 836; x_wconf 86' lang='lat' dir='ltr'><strong>siloe</strong></span> <span class='ocrx_word' id='word_1_20' title='bbox 1112 802 1210 836; x_wconf 76' lang='lat' dir='ltr'><strong>eiecere-</strong></span> 
     </span>
     <span class='ocr_line' id='line_1_4' title="bbox 187 873 974 941; baseline -0.001 -18"><span class='ocrx_word' id='word_1_21' title='bbox 187 877 331 941; x_wconf 87' lang='lat' dir='ltr'><strong>opinantur,</strong></span> <span class='ocrx_word' id='word_1_22' title='bbox 353 883 381 921; x_wconf 86' lang='lat' dir='ltr'><strong>ut</strong></span> <span class='ocrx_word' id='word_1_23' title='bbox 395 884 483 934; x_wconf 74' lang='lat' dir='ltr'><strong>pronos</strong></span> <span class='ocrx_word' id='word_1_24' title='bbox 497 887 592 920; x_wconf 82' lang='lat' dir='ltr'><strong>meteses</strong></span> <span class='ocrx_word' id='word_1_25' title='bbox 608 873 681 923; x_wconf 69' lang='lat' dir='ltr'><strong>Cum.</strong></span> <span class='ocrx_word' id='word_1_26' title='bbox 715 875 790 922; x_wconf 79' lang='lat' dir='ltr'><strong>vetit.</strong></span> <span class='ocrx_word' id='word_1_27' title='bbox 815 873 974 922; x_wconf 79' lang='lat' dir='ltr'><strong>BENTLEIVS.</strong></span> 
     </span>
    </p>
   </div>
   <div class='ocr_carea' id='block_1_4' title="bbox 187 959 1291 1026">
    <p class='ocr_par' dir='ltr' id='par_1_4' title="bbox 187 959 1291 1026">
     <span class='ocr_line' id='line_1_5' title="bbox 187 959 1291 1026; baseline -0.002 -16"><span class='ocrx_word' id='word_1_28' title='bbox 187 962 268 1024; x_wconf 78' lang='lat' dir='ltr'><strong>1v‚o;</strong></span> <span class='ocrx_word' id='word_1_29' title='bbox 287 963 351 1009; x_wconf 91' lang='lat' dir='ltr'><strong>ineo</strong></span> <span class='ocrx_word' id='word_1_30' title='bbox 364 959 479 1008; x_wconf 86' lang='lat' dir='ltr'><strong>iudicium</strong></span> <span class='ocrx_word' id='word_1_31' title='bbox 492 977 572 1010; x_wconf 87' lang='lat' dir='ltr'><strong>eorum</strong></span> <span class='ocrx_word' id='word_1_32' title='bbox 586 971 611 1009; x_wconf 90' lang='lat' dir='ltr'><strong>et</strong></span> <span class='ocrx_word' id='word_1_33' title='bbox 623 978 682 1009; x_wconf 83' lang='lat' dir='ltr'><strong>acu-</strong></span> <span class='ocrx_word' id='word_1_34' title='bbox 746 960 869 1009; x_wconf 68' lang='lat' dir='ltr'><strong>Videamus</strong></span> <span class='ocrx_word' id='word_1_35' title='bbox 896 977 926 1008; x_wconf 88' lang='lat' dir='ltr'><strong>an</strong></span> <span class='ocrx_word' id='word_1_36' title='bbox 950 960 1036 1023; x_wconf 79' lang='lat' dir='ltr'><strong>lectio,</strong></span> <span class='ocrx_word' id='word_1_37' title='bbox 1058 977 1129 1026; x_wconf 85' lang='lat' dir='ltr'><strong>quem</strong></span> <span class='ocrx_word' id='word_1_38' title='bbox 1145 962 1210 1009; x_wconf 84' lang='lat' dir='ltr'><strong>Ben·.</strong></span> <span class='ocrx_word' id='word_1_39' title='bbox 1290 996 1291 1000; x_wconf 65' lang='lat'>,</span> 
     </span>
    </p>
   </div>
   <div class='ocr_carea' id='block_1_5' title="bbox 136 1044 1247 1889">
    <p class='ocr_par' dir='ltr' id='par_1_5' title="bbox 136 1044 1247 1889">
     <span class='ocr_line' id='line_1_6' title="bbox 187 1044 1211 1110; baseline 0 -14"><span class='ocrx_word' id='word_1_40' title='bbox 187 1063 243 1096; x_wconf 87' lang='lat' dir='ltr'><strong>men</strong></span> <span class='ocrx_word' id='word_1_41' title='bbox 268 1047 386 1096; x_wconf 87' lang='lat' dir='ltr'><strong>desidero:</strong></span> <span class='ocrx_word' id='word_1_42' title='bbox 412 1048 473 1094; x_wconf 83' lang='lat' dir='ltr'><strong>ltite</strong></span> <span class='ocrx_word' id='word_1_43' title='bbox 494 1049 602 1094; x_wconf 77' lang='lat' dir='ltr'><strong>lutevae</strong></span> <span class='ocrx_word' id='word_1_44' title='bbox 621 1062 684 1108; x_wconf 84' lang='lat' dir='ltr'><strong>pve-</strong></span> <span class='ocrx_word' id='word_1_45' title='bbox 714 1046 788 1095; x_wconf 84' lang='lat' dir='ltr'><strong>tleius</strong></span> <span class='ocrx_word' id='word_1_46' title='bbox 811 1048 952 1109; x_wconf 85' lang='lat' dir='ltr'><strong>coustituit,</strong></span> <span class='ocrx_word' id='word_1_47' title='bbox 980 1045 1042 1094; x_wconf 87' lang='lat' dir='ltr'><strong>nihil</strong></span> <span class='ocrx_word' id='word_1_48' title='bbox 1057 1044 1162 1110; x_wconf 79' lang='lat' dir='ltr'><strong>hebeat,</strong></span> <span class='ocrx_word' id='word_1_49' title='bbox 1184 1049 1211 1096; x_wconf 90' lang='lat' dir='ltr'><strong>in</strong></span> 
     </span>
     <span class='ocr_line' id='line_1_7' title="bbox 183 1133 1210 1200; baseline 0.004 -20"><span class='ocrx_word' id='word_1_50' title='bbox 183 1147 243 1180; x_wconf 73' lang='lat' dir='ltr'><strong>evm</strong></span> <span class='ocrx_word' id='word_1_51' title='bbox 256 1134 456 1196; x_wconf 71' lang='lat' dir='ltr'><strong>cometes,ltite</strong></span> <span class='ocrx_word' id='word_1_52' title='bbox 471 1133 683 1193; x_wconf 81' lang='lat' dir='ltr'><strong>eeesoeutomsoee</strong></span> <span class='ocrx_word' id='word_1_53' title='bbox 710 1148 762 1199; x_wconf 87' lang='lat' dir='ltr'><strong>quo</strong></span> <span class='ocrx_word' id='word_1_54' title='bbox 789 1135 843 1198; x_wconf 89' lang='lat' dir='ltr'><strong>quis</strong></span> <span class='ocrx_word' id='word_1_55' title='bbox 872 1133 974 1198; x_wconf 84' lang='lat' dir='ltr'><strong>emplius</strong></span> <span class='ocrx_word' id='word_1_56' title='bbox 1004 1133 1102 1182; x_wconf 87' lang='lat' dir='ltr'><strong>haerere</strong></span> <span class='ocrx_word' id='word_1_57' title='bbox 1127 1136 1210 1200; x_wconf 89' lang='lat' dir='ltr'><strong>possit.</strong></span> 
     </span>
     <span class='ocr_line' id='line_1_8' title="bbox 157 1218 1209 1286; baseline 0.003 -19"><span class='ocrx_word' id='word_1_58' title='bbox 157 1248 158 1251; x_wconf 63' lang='lat'><em>=</em></span> <span class='ocrx_word' id='word_1_59' title='bbox 187 1219 355 1282; x_wconf 69' lang='lat' dir='ltr'><em>Noctilucam,</em></span> <span class='ocrx_word' id='word_1_60' title='bbox 388 1221 535 1282; x_wconf 76' lang='lat' dir='ltr'><strong>Prosperom</strong></span> <span class='ocrx_word' id='word_1_61' title='bbox 555 1220 677 1285; x_wconf 72' lang='lat' dir='ltr'><strong>frugum,</strong></span> <span class='ocrx_word' id='word_1_62' title='bbox 712 1222 803 1268; x_wconf 82' lang='lat' dir='ltr'><strong>Peivos</strong></span> <span class='ocrx_word' id='word_1_63' title='bbox 816 1223 845 1267; x_wconf 81' lang='lat' dir='ltr'><strong>iu</strong></span> <span class='ocrx_word' id='word_1_64' title='bbox 858 1236 935 1267; x_wconf 79' lang='lat' dir='ltr'><strong>annos</strong></span> <span class='ocrx_word' id='word_1_65' title='bbox 951 1218 1012 1269; x_wconf 87' lang='lat' dir='ltr'><strong>mihi</strong></span> <span class='ocrx_word' id='word_1_66' title='bbox 1027 1220 1123 1286; x_wconf 85' lang='lat' dir='ltr'><strong>quidem</strong></span> <span class='ocrx_word' id='word_1_67' title='bbox 1141 1231 1209 1271; x_wconf 84' lang='lat' dir='ltr'><strong>extra</strong></span> 
     </span>
     <span class='ocr_line' id='line_1_9' title="bbox 185 1305 1210 1371; baseline 0.002 -17"><span class='ocrx_word' id='word_1_68' title='bbox 185 1308 331 1371; x_wconf 76' lang='lat' dir='ltr'><em>celeremque</em></span> <span class='ocrx_word' id='word_1_69' title='bbox 350 1322 439 1368; x_wconf 69' lang='lat' dir='ltr'><strong>proavos</strong></span> <span class='ocrx_word' id='word_1_70' title='bbox 464 1309 560 1356; x_wconf 77' lang='lat' dir='ltr'><strong>Vulnere</strong></span> <span class='ocrx_word' id='word_1_71' title='bbox 578 1323 680 1356; x_wconf 79' lang='lat' dir='ltr'><strong>menses.</strong></span> <span class='ocrx_word' id='word_1_72' title='bbox 715 1305 815 1355; x_wconf 87' lang='lat' dir='ltr'><strong>dubium</strong></span> <span class='ocrx_word' id='word_1_73' title='bbox 832 1323 881 1354; x_wconf 88' lang='lat' dir='ltr'><strong>esse</strong></span> <span class='ocrx_word' id='word_1_74' title='bbox 894 1306 1003 1356; x_wconf 84' lang='lat' dir='ltr'><strong>videtur:</strong></span> <span class='ocrx_word' id='word_1_75' title='bbox 1018 1323 1119 1370; x_wconf 77' lang='lat' dir='ltr'><strong>pronos,</strong></span> <span class='ocrx_word' id='word_1_76' title='bbox 1138 1310 1210 1356; x_wconf 81' lang='lat' dir='ltr'><strong>etiem</strong></span> 
     </span>
     <span class='ocr_line' id='line_1_10' title="bbox 189 1392 1247 1459; baseline 0 -17"><span class='ocrx_word' id='word_1_77' title='bbox 189 1394 273 1442; x_wconf 81' lang='lat' dir='ltr'><strong>Recte:</strong></span> <span class='ocrx_word' id='word_1_78' title='bbox 298 1392 416 1459; x_wconf 80' lang='lat' dir='ltr'><strong>siquidem</strong></span> <span class='ocrx_word' id='word_1_79' title='bbox 434 1392 478 1442; x_wconf 88' lang='lat' dir='ltr'><strong>ubi</strong></span> <span class='ocrx_word' id='word_1_80' title='bbox 497 1395 598 1441; x_wconf 78' lang='lat' dir='ltr'><strong>celerem</strong></span> <span class='ocrx_word' id='word_1_81' title='bbox 614 1392 685 1441; x_wconf 88' lang='lat' dir='ltr'><strong>addi·</strong></span> <span class='ocrx_word' id='word_1_82' title='bbox 717 1394 738 1441; x_wconf 90' lang='lat' dir='ltr'><strong>si</strong></span> <span class='ocrx_word' id='word_1_83' title='bbox 753 1394 912 1458; x_wconf 87' lang='lat' dir='ltr'><strong>interpretere</strong></span> <span class='ocrx_word' id='word_1_84' title='bbox 928 1409 1005 1440; x_wconf 75' lang='lat' dir='ltr'><strong>aenos</strong></span> <span class='ocrx_word' id='word_1_85' title='bbox 1020 1394 1139 1454; x_wconf 81' lang='lat' dir='ltr'><strong>adfinem</strong></span> <span class='ocrx_word' id='word_1_86' title='bbox 1154 1410 1210 1442; x_wconf 88' lang='lat' dir='ltr'><strong>ver-</strong></span> <span class='ocrx_word' id='word_1_87' title='bbox 1244 1423 1247 1434; x_wconf 86' lang='lat'>.</span> 
     </span>
     <span class='ocr_line' id='line_1_11' title="bbox 183 1477 1207 1545; baseline 0.001 -18"><span class='ocrx_word' id='word_1_88' title='bbox 183 1477 220 1527; x_wconf 88' lang='lat' dir='ltr'><strong>dit</strong></span> <span class='ocrx_word' id='word_1_89' title='bbox 241 1489 266 1528; x_wconf 88' lang='lat' dir='ltr'><strong>et</strong></span> <span class='ocrx_word' id='word_1_90' title='bbox 287 1481 395 1542; x_wconf 77' lang='lat' dir='ltr'><strong>volvere,</strong></span> <span class='ocrx_word' id='word_1_91' title='bbox 418 1495 508 1542; x_wconf 71' lang='lat' dir='ltr'><strong>proavos</strong></span> <span class='ocrx_word' id='word_1_92' title='bbox 522 1479 563 1528; x_wconf 87' lang='lat' dir='ltr'><strong>hic</strong></span> <span class='ocrx_word' id='word_1_93' title='bbox 589 1494 680 1528; x_wconf 87' lang='lat' dir='ltr'><strong>menses</strong></span> <span class='ocrx_word' id='word_1_94' title='bbox 709 1488 810 1545; x_wconf 80' lang='lat' dir='ltr'><strong>gentes,</strong></span> <span class='ocrx_word' id='word_1_95' title='bbox 824 1482 1080 1543; x_wconf 83' lang='lat' dir='ltr'><strong>aeoetvmvoe‚nemini</strong></span> <span class='ocrx_word' id='word_1_96' title='bbox 1088 1480 1207 1545; x_wconf 87' lang='lat' dir='ltr'><strong>placebit,</strong></span> 
     </span>
     <span class='ocr_line' id='line_1_12' title="bbox 184 1565 1211 1633; baseline 0.001 -20"><span class='ocrx_word' id='word_1_97' title='bbox 184 1565 271 1628; x_wconf 80' lang='lat' dir='ltr'><strong>finxit,</strong></span> <span class='ocrx_word' id='word_1_98' title='bbox 305 1568 374 1631; x_wconf 88' lang='lat' dir='ltr'><strong>quasi</strong></span> <span class='ocrx_word' id='word_1_99' title='bbox 398 1584 412 1614; x_wconf 88' lang='grc' dir='ltr'><strong>ι</strong></span> <span class='ocrx_word' id='word_1_100' title='bbox 436 1568 515 1631; x_wconf 84' lang='lat' dir='ltr'><strong>eapite</strong></span> <span class='ocrx_word' id='word_1_101' title='bbox 540 1583 630 1615; x_wconf 89' lang='lat' dir='ltr'><strong>summa</strong></span> <span class='ocrx_word' id='word_1_102' title='bbox 654 1565 684 1614; x_wconf 77' lang='lat' dir='ltr'><strong>ed</strong></span> <span class='ocrx_word' id='word_1_103' title='bbox 717 1570 760 1633; x_wconf 92' lang='lat' dir='ltr'><strong>qui</strong></span> <span class='ocrx_word' id='word_1_104' title='bbox 781 1570 871 1632; x_wconf 82' lang='lat' dir='ltr'><strong>cogitet</strong></span> <span class='ocrx_word' id='word_1_105' title='bbox 892 1568 1014 1615; x_wconf 82' lang='lat' dir='ltr'><strong>Horatium</strong></span> <span class='ocrx_word' id='word_1_106' title='bbox 1034 1567 1102 1631; x_wconf 89' lang='lat' dir='ltr'><strong>loqui</strong></span> <span class='ocrx_word' id='word_1_107' title='bbox 1114 1566 1146 1614; x_wconf 86' lang='lat' dir='ltr'><strong>de</strong></span> <span class='ocrx_word' id='word_1_108' title='bbox 1163 1566 1211 1614; x_wconf 87' lang='lat' dir='ltr'><strong>du-</strong></span> 
     </span>
     <span class='ocr_line' id='line_1_13' title="bbox 185 1651 1210 1720; baseline 0.002 -21"><span class='ocrx_word' id='word_1_109' title='bbox 185 1653 260 1700; x_wconf 88' lang='lat' dir='ltr'><strong>imum</strong></span> <span class='ocrx_word' id='word_1_110' title='bbox 276 1668 320 1716; x_wconf 86' lang='lat' dir='ltr'><strong>per</strong></span> <span class='ocrx_word' id='word_1_111' title='bbox 336 1669 410 1718; x_wconf 81' lang='lat' dir='ltr'><strong>prone</strong></span> <span class='ocrx_word' id='word_1_112' title='bbox 425 1651 589 1702; x_wconf 81' lang='lat' dir='ltr'><strong>devolvendus.</strong></span> <span class='ocrx_word' id='word_1_113' title='bbox 610 1653 684 1702; x_wconf 83' lang='lat' dir='ltr'><strong>Silius</strong></span> <span class='ocrx_word' id='word_1_114' title='bbox 716 1654 780 1720; x_wconf 85' lang='lat' dir='ltr'><strong>plice</strong></span> <span class='ocrx_word' id='word_1_115' title='bbox 802 1653 915 1701; x_wconf 85' lang='lat' dir='ltr'><strong>silvarum</strong></span> <span class='ocrx_word' id='word_1_116' title='bbox 943 1654 1091 1714; x_wconf 77' lang='lat' dir='ltr'><strong>mutatione,</strong></span> <span class='ocrx_word' id='word_1_117' title='bbox 1117 1652 1210 1718; x_wconf 81' lang='lat' dir='ltr'><strong>quando</strong></span> 
     </span>
     <span class='ocr_line' id='line_1_14' title="bbox 183 1739 1208 1804; baseline 0.001 -16"><span class='ocrx_word' id='word_1_118' title='bbox 183 1741 239 1791; x_wconf 85' lang='lat' dir='ltr'><strong>ltel.</strong></span> <span class='ocrx_word' id='word_1_119' title='bbox 261 1741 318 1804; x_wconf 76' lang='lat' dir='ltr'><strong>XV,</strong></span> <span class='ocrx_word' id='word_1_120' title='bbox 334 1741 391 1789; x_wconf 74' lang='lat'><strong>2³5.</strong></span> <span class='ocrx_word' id='word_1_121' title='bbox 420 1743 516 1802; x_wconf 79' lang='lat' dir='ltr'><strong>possim</strong></span> <span class='ocrx_word' id='word_1_122' title='bbox 538 1757 683 1804; x_wconf 75' lang='lat' dir='ltr'><strong>perpressa</strong></span> <span class='ocrx_word' id='word_1_123' title='bbox 715 1741 776 1791; x_wconf 83' lang='lat' dir='ltr'><strong>lolia</strong></span> <span class='ocrx_word' id='word_1_124' title='bbox 808 1743 922 1789; x_wconf 84' lang='lat' dir='ltr'><strong>amittunt</strong></span> <span class='ocrx_word' id='word_1_125' title='bbox 949 1751 973 1788; x_wconf 85' lang='lat' dir='ltr'><strong>et</strong></span> <span class='ocrx_word' id='word_1_126' title='bbox 997 1739 1056 1787; x_wconf 79' lang='lat' dir='ltr'><strong>lolia</strong></span> <span class='ocrx_word' id='word_1_127' title='bbox 1079 1742 1208 1804; x_wconf 86' lang='lat' dir='ltr'><strong>recipiunt.</strong></span> 
     </span>
     <span class='ocr_line' id='line_1_15' title="bbox 136 1827 1207 1889; baseline -0.002 -11"><span class='ocrx_word' id='word_1_128' title='bbox 136 1875 137 1878; x_wconf 75' lang='grc'>,</span> <span class='ocrx_word' id='word_1_129' title='bbox 183 1828 265 1874; x_wconf 84' lang='lat' dir='ltr'><strong>voluti</strong></span> <span class='ocrx_word' id='word_1_130' title='bbox 288 1828 414 1875; x_wconf 82' lang='lat' dir='ltr'><strong>Truneoto</strong></span> <span class='ocrx_word' id='word_1_131' title='bbox 437 1829 571 1876; x_wconf 70' lang='lat' dir='ltr'><em>instabiles</em></span> <span class='ocrx_word' id='word_1_132' title='bbox 584 1829 682 1889; x_wconf 81' lang='lat' dir='ltr'><strong>fveode-</strong></span> <span class='ocrx_word' id='word_1_133' title='bbox 714 1828 796 1876; x_wconf 84' lang='lat' dir='ltr'><strong>Cetera</strong></span> <span class='ocrx_word' id='word_1_134' title='bbox 812 1845 867 1876; x_wconf 89' lang='lat' dir='ltr'><strong>vero</strong></span> <span class='ocrx_word' id='word_1_135' title='bbox 882 1827 942 1875; x_wconf 83' lang='lat' dir='ltr'><strong>mihi</strong></span> <span class='ocrx_word' id='word_1_136' title='bbox 957 1828 1207 1876; x_wconf 84' lang='lat' dir='ltr'><strong>minussatissaciunt.</strong></span> 
     </span>
    </p>
   </div>
   <div class='ocr_carea' id='block_1_6' title="bbox 110 1913 1208 1979">
    <p class='ocr_par' dir='ltr' id='par_1_6' title="bbox 110 1913 1208 1979">
     <span class='ocr_line' id='line_1_16' title="bbox 110 1913 1208 1979; baseline 0.005 -20"><span class='ocrx_word' id='word_1_137' title='bbox 110 1938 112 1943; x_wconf 87' lang='lat'><em>·</em></span> <span class='ocrx_word' id='word_1_138' title='bbox 182 1913 353 1976; x_wconf 78' lang='lat' dir='ltr'><strong>dentoorpere</strong></span> <span class='ocrx_word' id='word_1_139' title='bbox 369 1915 456 1964; x_wconf 85' lang='lat' dir='ltr'><strong>vitem.</strong></span> <span class='ocrx_word' id='word_1_140' title='bbox 478 1915 569 1964; x_wconf 79' lang='lat' dir='ltr'><strong>Gellius</strong></span> <span class='ocrx_word' id='word_1_141' title='bbox 587 1917 622 1979; x_wconf 87' lang='lat'><strong>11,</strong></span> <span class='ocrx_word' id='word_1_142' title='bbox 637 1919 678 1965; x_wconf 76' lang='lat'><strong>³0.</strong></span> <span class='ocrx_word' id='word_1_143' title='bbox 715 1917 823 1976; x_wconf 77' lang='lat' dir='ltr'><strong>lstsolio</strong></span> <span class='ocrx_word' id='word_1_144' title='bbox 836 1918 1011 1964; x_wconf 78' lang='lat' dir='ltr'><strong>mutanturin</strong></span> <span class='ocrx_word' id='word_1_145' title='bbox 1023 1917 1111 1978; x_wconf 82' lang='lat' dir='ltr'><strong>silvis,</strong></span> <span class='ocrx_word' id='word_1_146' title='bbox 1124 1916 1208 1977; x_wconf 81' lang='lat' dir='ltr'><strong>prime</strong></span> 
     </span>
    </p>
   </div>
   <div class='ocr_carea' id='block_1_7' title="bbox 111 1995 1229 4146">
    <p class='ocr_par' dir='ltr' id='par_1_7' title="bbox 111 1995 1229 4146">
     <span class='ocr_line' id='line_1_17' title="bbox 180 1995 1208 2065; baseline 0.002 -19"><span class='ocrx_word' id='word_1_147' title='bbox 180 1999 285 2047; x_wconf 69' lang='lat' dir='ltr'><strong>venem</strong></span> <span class='ocrx_word' id='word_1_148' title='bbox 305 2001 429 2048; x_wconf 76' lang='lat' dir='ltr'><strong>eveitotos</strong></span> <span class='ocrx_word' id='word_1_149' title='bbox 450 2004 525 2065; x_wconf 82' lang='lat' dir='ltr'><strong>quusi</strong></span> <span class='ocrx_word' id='word_1_150' title='bbox 542 2017 582 2064; x_wconf 78' lang='lat' dir='ltr'><strong>poe</strong></span> <span class='ocrx_word' id='word_1_151' title='bbox 601 1995 680 2064; x_wconf 74' lang='lat' dir='ltr'><strong>provio</strong></span> <span class='ocrx_word' id='word_1_152' title='bbox 712 2003 819 2063; x_wconf 80' lang='lat' dir='ltr'><strong>evdvnt‚·</strong></span> <span class='ocrx_word' id='word_1_153' title='bbox 842 2004 883 2050; x_wconf 81' lang='lat' dir='ltr'><strong>ito</strong></span> <span class='ocrx_word' id='word_1_154' title='bbox 903 2010 974 2050; x_wconf 82' lang='lat' dir='ltr'><strong>oetas</strong></span> <span class='ocrx_word' id='word_1_155' title='bbox 995 2009 1067 2061; x_wconf 72' lang='lat' dir='ltr'><strong>vetus·</strong></span> <span class='ocrx_word' id='word_1_156' title='bbox 1082 2003 1208 2050; x_wconf 76' lang='lat' dir='ltr'><strong>verbosum</strong></span> 
     </span>
     <span class='ocr_line' id='line_1_18' title="bbox 179 2088 1208 2152; baseline 0.002 -18"><span class='ocrx_word' id='word_1_157' title='bbox 179 2088 254 2136; x_wconf 82' lang='lat' dir='ltr'><strong>volvi.</strong></span> <span class='ocrx_word' id='word_1_158' title='bbox 280 2089 350 2135; x_wconf 82' lang='lat' dir='ltr'><strong>Celer</strong></span> <span class='ocrx_word' id='word_1_159' title='bbox 366 2090 429 2136; x_wconf 89' lang='lat' dir='ltr'><strong>euim</strong></span> <span class='ocrx_word' id='word_1_160' title='bbox 445 2088 512 2135; x_wconf 87' lang='lat' dir='ltr'><strong>Luna</strong></span> <span class='ocrx_word' id='word_1_161' title='bbox 529 2097 565 2135; x_wconf 87' lang='lat' dir='ltr'><strong>est</strong></span> <span class='ocrx_word' id='word_1_162' title='bbox 581 2104 678 2152; x_wconf 85' lang='lat' dir='ltr'><strong>eompa—</strong></span> <span class='ocrx_word' id='word_1_163' title='bbox 710 2089 820 2144; x_wconf 79' lang='lat' dir='ltr'><strong>interit:</strong></span> <span class='ocrx_word' id='word_1_164' title='bbox 846 2098 882 2136; x_wconf 84' lang='lat' dir='ltr'><strong>eet</strong></span> <span class='ocrx_word' id='word_1_165' title='bbox 904 2089 979 2136; x_wconf 87' lang='lat' dir='ltr'><strong>oratio</strong></span> <span class='ocrx_word' id='word_1_166' title='bbox 1000 2097 1049 2135; x_wconf 89' lang='lat' dir='ltr'><strong>tam</strong></span> <span class='ocrx_word' id='word_1_167' title='bbox 1070 2088 1131 2135; x_wconf 84' lang='lat' dir='ltr'><strong>mele</strong></span> <span class='ocrx_word' id='word_1_168' title='bbox 1150 2105 1208 2137; x_wconf 86' lang='lat' dir='ltr'><strong>eon-</strong></span> 
     </span>
     <span class='ocr_line' id='line_1_19' title="bbox 180 2174 1207 2238; baseline 0.002 -17"><span class='ocrx_word' id='word_1_169' title='bbox 180 2175 272 2222; x_wconf 85' lang='lat' dir='ltr'><strong>ratione</strong></span> <span class='ocrx_word' id='word_1_170' title='bbox 287 2175 383 2236; x_wconf 83' lang='lat' dir='ltr'><strong>fratris,</strong></span> <span class='ocrx_word' id='word_1_171' title='bbox 399 2183 429 2220; x_wconf 88' lang='lat' dir='ltr'><strong>ut</strong></span> <span class='ocrx_word' id='word_1_172' title='bbox 442 2183 467 2221; x_wconf 88' lang='lat' dir='ltr'><strong>et</strong></span> <span class='ocrx_word' id='word_1_173' title='bbox 483 2175 533 2238; x_wconf 87' lang='lat' dir='ltr'><strong>ipse</strong></span> <span class='ocrx_word' id='word_1_174' title='bbox 547 2174 600 2236; x_wconf 88' lang='lat' dir='ltr'><strong>Sol,</strong></span> <span class='ocrx_word' id='word_1_175' title='bbox 615 2191 681 2221; x_wconf 88' lang='lat' dir='ltr'><strong>com-</strong></span> <span class='ocrx_word' id='word_1_176' title='bbox 712 2191 791 2236; x_wconf 85' lang='lat' dir='ltr'><strong>nexa,</strong></span> <span class='ocrx_word' id='word_1_177' title='bbox 809 2191 879 2238; x_wconf 83' lang='lat' dir='ltr'><strong>quem</strong></span> <span class='ocrx_word' id='word_1_178' title='bbox 888 2175 1023 2222; x_wconf 85' lang='lat' dir='ltr'><strong>abHoratio</strong></span> <span class='ocrx_word' id='word_1_179' title='bbox 1037 2177 1145 2224; x_wconf 85' lang='lat' dir='ltr'><strong>connecti</strong></span> <span class='ocrx_word' id='word_1_180' title='bbox 1160 2192 1207 2223; x_wconf 89' lang='lat' dir='ltr'><strong>non</strong></span> 
     </span>
     <span class='ocr_line' id='line_1_20' title="bbox 177 2259 1203 2330; baseline 0.007 -25"><span class='ocrx_word' id='word_1_181' title='bbox 177 2259 303 2323; x_wconf 79' lang='lat' dir='ltr'><strong>paratione</strong></span> <span class='ocrx_word' id='word_1_182' title='bbox 317 2260 420 2320; x_wconf 77' lang='lat' dir='ltr'><strong>saeculi3</strong></span> <span class='ocrx_word' id='word_1_183' title='bbox 429 2262 517 2310; x_wconf 82' lang='lat' dir='ltr'><strong>Seneca</strong></span> <span class='ocrx_word' id='word_1_184' title='bbox 526 2263 607 2328; x_wconf 84' lang='lat' dir='ltr'><strong>Oedip.</strong></span> <span class='ocrx_word' id='word_1_185' title='bbox 617 2265 674 2313; x_wconf 70' lang='grc'><strong>250.</strong></span> <span class='ocrx_word' id='word_1_186' title='bbox 708 2266 797 2330; x_wconf 87' lang='lat' dir='ltr'><strong>potuit.</strong></span> <span class='ocrx_word' id='word_1_187' title='bbox 818 2266 851 2311; x_wconf 78' lang='lat' dir='ltr'><strong>lst</strong></span> <span class='ocrx_word' id='word_1_188' title='bbox 867 2266 987 2328; x_wconf 84' lang='lat' dir='ltr'><strong>signifieat</strong></span> <span class='ocrx_word' id='word_1_189' title='bbox 1001 2264 1040 2311; x_wconf 90' lang='lat' dir='ltr'><strong>vel</strong></span> <span class='ocrx_word' id='word_1_190' title='bbox 1057 2267 1151 2326; x_wconf 82' lang='lat' dir='ltr'><strong>sicuti,</strong></span> <span class='ocrx_word' id='word_1_191' title='bbox 1165 2265 1203 2313; x_wconf 85' lang='lat' dir='ltr'><strong>vel</strong></span> 
     </span>
     <span class='ocr_line' id='line_1_21' title="bbox 180 2346 1204 2415; baseline 0.008 -24"><span class='ocrx_word' id='word_1_192' title='bbox 180 2346 265 2408; x_wconf 81' lang='lat' dir='ltr'><strong>Totque</strong></span> <span class='ocrx_word' id='word_1_193' title='bbox 285 2361 300 2393; x_wconf 91' lang='lat' dir='ltr'><strong>o</strong></span> <span class='ocrx_word' id='word_1_194' title='bbox 322 2348 406 2394; x_wconf 74' lang='lat' dir='ltr'><strong>saeve·</strong></span> <span class='ocrx_word' id='word_1_195' title='bbox 427 2350 564 2402; x_wconf 64' lang='lat' dir='ltr'><strong>monimum</strong></span> <span class='ocrx_word' id='word_1_196' title='bbox 587 2350 675 2397; x_wconf 78' lang='lat' dir='ltr'><strong>mundi</strong></span> <span class='ocrx_word' id='word_1_197' title='bbox 706 2349 819 2413; x_wconf 82' lang='lat' dir='ltr'><strong>quondo:</strong></span> <span class='ocrx_word' id='word_1_198' title='bbox 845 2351 926 2397; x_wconf 79' lang='lat' dir='ltr'><strong>sicuti</strong></span> <span class='ocrx_word' id='word_1_199' title='bbox 954 2353 1084 2415; x_wconf 82' lang='lat' dir='ltr'><strong>requiritur</strong></span> <span class='ocrx_word' id='word_1_200' title='bbox 1109 2350 1138 2399; x_wconf 91' lang='lat' dir='ltr'><strong>ob</strong></span> <span class='ocrx_word' id='word_1_201' title='bbox 1163 2368 1204 2400; x_wconf 86' lang='lat' dir='ltr'><strong>se-</strong></span> 
     </span>
     <span class='ocr_line' id='line_1_22' title="bbox 178 2428 1205 2503; baseline 0.01 -26"><span class='ocrx_word' id='word_1_202' title='bbox 178 2428 267 2492; x_wconf 83' lang='lat' dir='ltr'><strong>deeus,</strong></span> <span class='ocrx_word' id='word_1_203' title='bbox 302 2431 354 2488; x_wconf 73' lang='lat' dir='ltr'><strong>Quo·</strong></span> <span class='ocrx_word' id='word_1_204' title='bbox 383 2433 457 2480; x_wconf 82' lang='lat' dir='ltr'><strong>tarde</strong></span> <span class='ocrx_word' id='word_1_205' title='bbox 479 2433 557 2480; x_wconf 80' lang='lat' dir='ltr'><strong>veleri</strong></span> <span class='ocrx_word' id='word_1_206' title='bbox 578 2436 677 2482; x_wconf 80' lang='lat' dir='ltr'><strong>soeculo</strong></span> <span class='ocrx_word' id='word_1_207' title='bbox 709 2436 849 2499; x_wconf 84' lang='lat' dir='ltr'><strong>quensv&#39;tv,</strong></span> <span class='ocrx_word' id='word_1_208' title='bbox 864 2433 928 2500; x_wconf 90' lang='lat' dir='ltr'><strong>quod</strong></span> <span class='ocrx_word' id='word_1_209' title='bbox 940 2435 1205 2503; x_wconf 85' lang='lat' dir='ltr'><strong>praecedentirespon-</strong></span> 
     </span>
     <span class='ocr_line' id='line_1_23' title="bbox 180 2518 1204 2586; baseline 0.007 -22"><span class='ocrx_word' id='word_1_210' title='bbox 180 2518 273 2565; x_wconf 78' lang='lat' dir='ltr'><strong>evolvis</strong></span> <span class='ocrx_word' id='word_1_211' title='bbox 288 2525 353 2567; x_wconf 86' lang='lat' dir='ltr'><strong>rota.</strong></span> <span class='ocrx_word' id='word_1_212' title='bbox 371 2518 433 2569; x_wconf 81' lang='lat' dir='ltr'><strong>liaeo</strong></span> <span class='ocrx_word' id='word_1_213' title='bbox 446 2521 539 2583; x_wconf 87' lang='lat' dir='ltr'><strong>omnia,</strong></span> <span class='ocrx_word' id='word_1_214' title='bbox 555 2529 584 2568; x_wconf 89' lang='lat' dir='ltr'><strong>ut</strong></span> <span class='ocrx_word' id='word_1_215' title='bbox 596 2518 676 2583; x_wconf 87' lang='lat' dir='ltr'><strong>vides,</strong></span> <span class='ocrx_word' id='word_1_216' title='bbox 710 2519 759 2570; x_wconf 86' lang='lat' dir='ltr'><strong>det.</strong></span> <span class='ocrx_word' id='word_1_217' title='bbox 777 2520 823 2569; x_wconf 80' lang='lat' dir='ltr'><strong>sed</strong></span> <span class='ocrx_word' id='word_1_218' title='bbox 839 2521 958 2586; x_wconf 82' lang='lat' dir='ltr'><strong>significet</strong></span> <span class='ocrx_word' id='word_1_219' title='bbox 975 2523 1080 2586; x_wconf 76' lang='lat' dir='ltr'><strong>qomodo,</strong></span> <span class='ocrx_word' id='word_1_220' title='bbox 1097 2533 1204 2572; x_wconf 87' lang='lat' dir='ltr'><strong>contorta</strong></span> 
     </span>
     <span class='ocr_line' id='line_1_24' title="bbox 178 2602 1204 2671; baseline 0.005 -20"><span class='ocrx_word' id='word_1_221' title='bbox 178 2613 267 2652; x_wconf 78' lang='lat' dir='ltr'><strong>movete</strong></span> <span class='ocrx_word' id='word_1_222' title='bbox 281 2602 408 2669; x_wconf 85' lang='lat' dir='ltr'><strong>dieantur,</strong></span> <span class='ocrx_word' id='word_1_223' title='bbox 423 2614 495 2670; x_wconf 89' lang='lat' dir='ltr'><strong>prout</strong></span> <span class='ocrx_word' id='word_1_224' title='bbox 508 2605 588 2668; x_wconf 85' lang='lat' dir='ltr'><strong>loeus,</strong></span> <span class='ocrx_word' id='word_1_225' title='bbox 606 2621 677 2653; x_wconf 77' lang='grc' dir='ltr'><strong>ιιιιι-</strong></span> <span class='ocrx_word' id='word_1_226' title='bbox 708 2615 828 2654; x_wconf 85' lang='lat' dir='ltr'><strong>structura</strong></span> <span class='ocrx_word' id='word_1_227' title='bbox 842 2621 888 2654; x_wconf 86' lang='lat' dir='ltr'><strong>non</strong></span> <span class='ocrx_word' id='word_1_228' title='bbox 902 2606 1044 2655; x_wconf 85' lang='lat' dir='ltr'><strong>liberamur:</strong></span> <span class='ocrx_word' id='word_1_229' title='bbox 1059 2608 1204 2671; x_wconf 83' lang='lat' dir='ltr'><strong>quendefo-</strong></span> 
     </span>
     <span class='ocr_line' id='line_1_25' title="bbox 177 2693 1203 2758; baseline 0.004 -19"><span class='ocrx_word' id='word_1_230' title='bbox 177 2707 218 2754; x_wconf 85' lang='lat' dir='ltr'><strong>sa,</strong></span> <span class='ocrx_word' id='word_1_231' title='bbox 234 2707 349 2757; x_wconf 83' lang='lat' dir='ltr'><strong>persone,</strong></span> <span class='ocrx_word' id='word_1_232' title='bbox 365 2693 485 2741; x_wconf 79' lang='lat' dir='ltr'><strong>sententia</strong></span> <span class='ocrx_word' id='word_1_233' title='bbox 501 2693 590 2741; x_wconf 86' lang='lat' dir='ltr'><strong>variat:</strong></span> <span class='ocrx_word' id='word_1_234' title='bbox 608 2694 676 2758; x_wconf 79' lang='lat' dir='ltr'><strong>atqui</strong></span> <span class='ocrx_word' id='word_1_235' title='bbox 708 2694 746 2740; x_wconf 87' lang='lat' dir='ltr'><strong>lia</strong></span> <span class='ocrx_word' id='word_1_236' title='bbox 763 2701 894 2740; x_wconf 79' lang='lat' dir='ltr'><strong>mutantur</strong></span> <span class='ocrx_word' id='word_1_237' title='bbox 910 2697 940 2741; x_wconf 83' lang='lat' dir='ltr'><strong>ies</strong></span> <span class='ocrx_word' id='word_1_238' title='bbox 956 2697 1043 2758; x_wconf 81' lang='lat' dir='ltr'><strong>silvis,</strong></span> <span class='ocrx_word' id='word_1_239' title='bbox 1062 2696 1146 2757; x_wconf 73' lang='lat' dir='ltr'><strong>prim</strong></span> <span class='ocrx_word' id='word_1_240' title='bbox 1158 2710 1203 2744; x_wconf 64' lang='lat' dir='ltr'><strong>eo*-</strong></span> 
     </span>
     <span class='ocr_line' id='line_1_26' title="bbox 178 2777 1203 2841; baseline 0.003 -15"><span class='ocrx_word' id='word_1_241' title='bbox 178 2777 241 2827; x_wconf 83' lang='lat' dir='ltr'><strong>idem</strong></span> <span class='ocrx_word' id='word_1_242' title='bbox 262 2779 345 2826; x_wconf 82' lang='lat' dir='ltr'><strong>Noster</strong></span> <span class='ocrx_word' id='word_1_243' title='bbox 369 2781 391 2828; x_wconf 85' lang='lat' dir='ltr'><strong>ei</strong></span> <span class='ocrx_word' id='word_1_244' title='bbox 410 2781 440 2826; x_wconf 82' lang='lat' dir='ltr'><strong>iu</strong></span> <span class='ocrx_word' id='word_1_245' title='bbox 466 2793 561 2826; x_wconf 80' lang='lat' dir='ltr'><strong>meuses</strong></span> <span class='ocrx_word' id='word_1_246' title='bbox 586 2777 625 2825; x_wconf 88' lang='lat' dir='ltr'><strong>vel</strong></span> <span class='ocrx_word' id='word_1_247' title='bbox 645 2780 675 2824; x_wconf 82' lang='lat' dir='ltr'><strong>iu</strong></span> <span class='ocrx_word' id='word_1_248' title='bbox 707 2778 783 2825; x_wconf 78' lang='lat' dir='ltr'><strong>duest:</strong></span> <span class='ocrx_word' id='word_1_249' title='bbox 798 2779 840 2825; x_wconf 87' lang='lat' dir='ltr'><strong>ita</strong></span> <span class='ocrx_word' id='word_1_250' title='bbox 855 2780 928 2827; x_wconf 84' lang='lat' dir='ltr'><strong>verde</strong></span> <span class='ocrx_word' id='word_1_251' title='bbox 939 2782 1077 2829; x_wconf 81' lang='lat' dir='ltr'><strong>intereunt.</strong></span> <span class='ocrx_word' id='word_1_252' title='bbox 1097 2782 1203 2841; x_wconf 80' lang='lat' dir='ltr'><strong>Utsolia</strong></span> 
     </span>
     <span class='ocr_line' id='line_1_27' title="bbox 177 2862 1202 2928; baseline 0.003 -16"><span class='ocrx_word' id='word_1_253' title='bbox 177 2875 255 2912; x_wconf 77' lang='lat' dir='ltr'><strong>onnes</strong></span> <span class='ocrx_word' id='word_1_254' title='bbox 270 2862 383 2927; x_wconf 75' lang='lat' dir='ltr'><strong>&#39;dixerat‚</strong></span> <span class='ocrx_word' id='word_1_255' title='bbox 405 2863 449 2913; x_wconf 82' lang='lat' dir='ltr'><strong>ubi</strong></span> <span class='ocrx_word' id='word_1_256' title='bbox 463 2866 548 2925; x_wconf 71' lang='lat' dir='ltr'><strong>privos</strong></span> <span class='ocrx_word' id='word_1_257' title='bbox 561 2863 601 2911; x_wconf 85' lang='lat' dir='ltr'><strong>vel</strong></span> <span class='ocrx_word' id='word_1_258' title='bbox 617 2864 674 2911; x_wconf 59' lang='lat' dir='ltr'><strong>sian</strong></span> <span class='ocrx_word' id='word_1_259' title='bbox 705 2864 735 2912; x_wconf 80' lang='lat' dir='ltr'><strong>a&#39;ee</strong></span> <span class='ocrx_word' id='word_1_260' title='bbox 748 2866 837 2927; x_wconf 82' lang='lat' dir='ltr'><strong>silvis,</strong></span> <span class='ocrx_word' id='word_1_261' title='bbox 853 2873 902 2913; x_wconf 85' lang='lat' dir='ltr'><strong>tam</strong></span> <span class='ocrx_word' id='word_1_262' title='bbox 915 2865 987 2914; x_wconf 80' lang='lat' dir='ltr'><strong>facile</strong></span> <span class='ocrx_word' id='word_1_263' title='bbox 1001 2876 1053 2928; x_wconf 84' lang='lat' dir='ltr'><strong>est,</strong></span> <span class='ocrx_word' id='word_1_264' title='bbox 1067 2875 1095 2913; x_wconf 86' lang='lat' dir='ltr'><strong>ut</strong></span> <span class='ocrx_word' id='word_1_265' title='bbox 1108 2865 1202 2917; x_wconf 88' lang='lat' dir='ltr'><strong>librarii</strong></span> 
     </span>
     <span class='ocr_line' id='line_1_28' title="bbox 136 2948 1202 3017; baseline 0.003 -19"><span class='ocrx_word' id='word_1_266' title='bbox 136 2975 138 2981; x_wconf 95' lang='lat'>·</span> <span class='ocrx_word' id='word_1_267' title='bbox 175 2953 250 3017; x_wconf 80' lang='lat' dir='ltr'><strong>gulos</strong></span> <span class='ocrx_word' id='word_1_268' title='bbox 269 2951 343 2999; x_wconf 82' lang='lat' dir='ltr'><strong>tacite</strong></span> <span class='ocrx_word' id='word_1_269' title='bbox 359 2948 519 3011; x_wconf 85' lang='lat' dir='ltr'><strong>subauditur,</strong></span> <span class='ocrx_word' id='word_1_270' title='bbox 540 2965 675 3014; x_wconf 76' lang='lat' dir='ltr'><strong>nunquam,</strong></span> <span class='ocrx_word' id='word_1_271' title='bbox 707 2967 755 2998; x_wconf 86' lang='lat' dir='ltr'><strong>non</strong></span> <span class='ocrx_word' id='word_1_272' title='bbox 783 2952 884 3000; x_wconf 86' lang='lat' dir='ltr'><strong>fuissent</strong></span> <span class='ocrx_word' id='word_1_273' title='bbox 909 2954 1032 3002; x_wconf 81' lang='lat' dir='ltr'><strong>mutaturi.</strong></span> <span class='ocrx_word' id='word_1_274' title='bbox 1067 2953 1116 3000; x_wconf 87' lang='lat' dir='ltr'><strong>Hoc</strong></span> <span class='ocrx_word' id='word_1_275' title='bbox 1136 2962 1202 3001; x_wconf 76' lang='lat' dir='ltr'><strong>reete</strong></span> 
     </span>
     <span class='ocr_line' id='line_1_29' title="bbox 177 3034 1200 3101; baseline -0.002 -12"><span class='ocrx_word' id='word_1_276' title='bbox 177 3035 239 3089; x_wconf 70' lang='lat' dir='ltr'><strong>mitri</strong></span> <span class='ocrx_word' id='word_1_277' title='bbox 252 3036 428 3099; x_wconf 79' lang='lat' dir='ltr'><strong>erede,protsos</strong></span> <span class='ocrx_word' id='word_1_278' title='bbox 439 3034 576 3085; x_wconf 77' lang='lat' dir='ltr'><strong>addidisset.</strong></span> <span class='ocrx_word' id='word_1_279' title='bbox 586 3037 674 3101; x_wconf 77' lang='lat' dir='ltr'><strong>Quam·</strong></span> <span class='ocrx_word' id='word_1_280' title='bbox 705 3039 798 3086; x_wconf 84' lang='lat' dir='ltr'><strong>monuit</strong></span> <span class='ocrx_word' id='word_1_281' title='bbox 811 3039 941 3087; x_wconf 84' lang='lat' dir='ltr'><strong>Bentleius.</strong></span> <span class='ocrx_word' id='word_1_282' title='bbox 958 3040 1044 3086; x_wconf 86' lang='lat' dir='ltr'><strong>Tamen</strong></span> <span class='ocrx_word' id='word_1_283' title='bbox 1057 3054 1104 3087; x_wconf 90' lang='lat' dir='ltr'><strong>non</strong></span> <span class='ocrx_word' id='word_1_284' title='bbox 1116 3037 1200 3101; x_wconf 89' lang='lat' dir='ltr'><strong>video,</strong></span> 
     </span>
     <span class='ocr_line' id='line_1_30' title="bbox 176 3121 1201 3192; baseline -0.002 -20"><span class='ocrx_word' id='word_1_285' title='bbox 176 3141 255 3192; x_wconf 76' lang='lat' dir='ltr'><strong>quem</strong></span> <span class='ocrx_word' id='word_1_286' title='bbox 278 3132 304 3172; x_wconf 87' lang='lat' dir='ltr'><strong>et</strong></span> <span class='ocrx_word' id='word_1_287' title='bbox 337 3121 383 3171; x_wconf 87' lang='lat' dir='ltr'><strong>hoe</strong></span> <span class='ocrx_word' id='word_1_288' title='bbox 412 3121 463 3169; x_wconf 89' lang='lat' dir='ltr'><strong>loeo</strong></span> <span class='ocrx_word' id='word_1_289' title='bbox 489 3122 592 3186; x_wconf 82' lang='lat' dir='ltr'><strong>suspicio</strong></span> <span class='ocrx_word' id='word_1_290' title='bbox 619 3130 673 3185; x_wconf 85' lang='lat' dir='ltr'><strong>est,</strong></span> <span class='ocrx_word' id='word_1_291' title='bbox 705 3136 763 3184; x_wconf 85' lang='lat' dir='ltr'><strong>eur,</strong></span> <span class='ocrx_word' id='word_1_292' title='bbox 780 3138 854 3187; x_wconf 90' lang='lat' dir='ltr'><strong>quum</strong></span> <span class='ocrx_word' id='word_1_293' title='bbox 870 3123 981 3171; x_wconf 83' lang='lat' dir='ltr'><strong>Horatius</strong></span> <span class='ocrx_word' id='word_1_294' title='bbox 996 3121 1054 3184; x_wconf 83' lang='lat' dir='ltr'><strong>hoc,</strong></span> <span class='ocrx_word' id='word_1_295' title='bbox 1072 3131 1121 3170; x_wconf 82' lang='lat' dir='ltr'><strong>tam</strong></span> <span class='ocrx_word' id='word_1_296' title='bbox 1137 3123 1201 3171; x_wconf 84' lang='lat' dir='ltr'><strong>faci·</strong></span> 
     </span>
     <span class='ocr_line' id='line_1_31' title="bbox 175 3209 1200 3278; baseline -0.002 -18"><span class='ocrx_word' id='word_1_297' title='bbox 175 3211 318 3261; x_wconf 81' lang='lat' dir='ltr'><strong>Seholiaetee</strong></span> <span class='ocrx_word' id='word_1_298' title='bbox 351 3219 444 3260; x_wconf 83' lang='lat' dir='ltr'><strong>veteres</strong></span> <span class='ocrx_word' id='word_1_299' title='bbox 479 3209 537 3259; x_wconf 89' lang='lat' dir='ltr'><strong>olim</strong></span> <span class='ocrx_word' id='word_1_300' title='bbox 566 3210 670 3276; x_wconf 75' lang='lat' dir='ltr'><strong>legisse,</strong></span> <span class='ocrx_word' id='word_1_301' title='bbox 703 3210 742 3273; x_wconf 87' lang='lat' dir='ltr'><strong>le,</strong></span> <span class='ocrx_word' id='word_1_302' title='bbox 764 3211 867 3261; x_wconf 82' lang='lat' dir='ltr'><strong>seribere</strong></span> <span class='ocrx_word' id='word_1_303' title='bbox 883 3213 1012 3278; x_wconf 87' lang='lat' dir='ltr'><strong>potuisset,</strong></span> <span class='ocrx_word' id='word_1_304' title='bbox 1029 3209 1131 3258; x_wconf 76' lang='lat' dir='ltr'><strong>alterum</strong></span> <span class='ocrx_word' id='word_1_305' title='bbox 1148 3209 1200 3258; x_wconf 87' lang='lat' dir='ltr'><strong>dif-</strong></span> 
     </span>
     <span class='ocr_line' id='line_1_32' title="bbox 174 3295 1200 3364; baseline -0.005 -15"><span class='ocrx_word' id='word_1_306' title='bbox 174 3303 321 3364; x_wconf 80' lang='lat' dir='ltr'><strong>eelereuque</strong></span> <span class='ocrx_word' id='word_1_307' title='bbox 339 3300 426 3361; x_wconf 70' lang='lat' dir='ltr'><strong>peiooe</strong></span> <span class='ocrx_word' id='word_1_308' title='bbox 450 3297 547 3344; x_wconf 72' lang='lat' dir='ltr'><strong>Volvere</strong></span> <span class='ocrx_word' id='word_1_309' title='bbox 562 3311 672 3343; x_wconf 74' lang='lat' dir='ltr'><strong>meuses:</strong></span> <span class='ocrx_word' id='word_1_310' title='bbox 704 3295 792 3344; x_wconf 72' lang='lat' dir='ltr'><strong>titilius</strong></span> <span class='ocrx_word' id='word_1_311' title='bbox 813 3297 962 3362; x_wconf 85' lang='lat' dir='ltr'><strong>praelaturus</strong></span> <span class='ocrx_word' id='word_1_312' title='bbox 978 3296 1077 3358; x_wconf 85' lang='lat' dir='ltr'><strong>suisset,</strong></span> <span class='ocrx_word' id='word_1_313' title='bbox 1103 3297 1135 3344; x_wconf 84' lang='lat' dir='ltr'><strong>lJt</strong></span> <span class='ocrx_word' id='word_1_314' title='bbox 1149 3298 1200 3344; x_wconf 78' lang='lat' dir='ltr'><strong>sil—</strong></span> 
     </span>
     <span class='ocr_line' id='line_1_33' title="bbox 111 3376 1198 3451; baseline 0 -18"><span class='ocrx_word' id='word_1_315' title='bbox 111 3393 116 3402; x_wconf 81' lang='grc'><strong><em>’</em></strong></span> <span class='ocrx_word' id='word_1_316' title='bbox 175 3387 265 3451; x_wconf 84' lang='lat' dir='ltr'><strong>quippe</strong></span> <span class='ocrx_word' id='word_1_317' title='bbox 289 3394 390 3449; x_wconf 88' lang='lat' dir='ltr'><strong>uterque</strong></span> <span class='ocrx_word' id='word_1_318' title='bbox 412 3382 446 3430; x_wconf 85' lang='lat' dir='ltr'><strong>sie</strong></span> <span class='ocrx_word' id='word_1_319' title='bbox 468 3389 576 3443; x_wconf 80' lang='lat' dir='ltr'><strong>enarrat‚</strong></span> <span class='ocrx_word' id='word_1_320' title='bbox 603 3381 671 3438; x_wconf 76' lang='lat' dir='ltr'><strong>Quis</strong></span> <span class='ocrx_word' id='word_1_321' title='bbox 703 3381 743 3427; x_wconf 81' lang='lat' dir='ltr'><strong>eis</strong></span> <span class='ocrx_word' id='word_1_322' title='bbox 752 3376 1198 3444; x_wconf 68' lang='lat' dir='ltr'><strong>solioptioosmvtooturinaeenos.</strong></span> 
     </span>
     <span class='ocr_line' id='line_1_34' title="bbox 173 3466 1198 3538; baseline -0.003 -17"><span class='ocrx_word' id='word_1_323' title='bbox 173 3471 424 3538; x_wconf 72' lang='lat' dir='ltr'><strong>siegvliemeeueidus</strong></span> <span class='ocrx_word' id='word_1_324' title='bbox 436 3468 572 3516; x_wconf 83' lang='lat' dir='ltr'><strong>Zodieoum</strong></span> <span class='ocrx_word' id='word_1_325' title='bbox 587 3468 671 3514; x_wconf 83' lang='lat' dir='ltr'><strong>vireu-</strong></span> <span class='ocrx_word' id='word_1_326' title='bbox 702 3466 778 3514; x_wconf 84' lang='lat' dir='ltr'><strong>lluius</strong></span> <span class='ocrx_word' id='word_1_327' title='bbox 801 3467 914 3517; x_wconf 85' lang='lat' dir='ltr'><strong>licentiae</strong></span> <span class='ocrx_word' id='word_1_328' title='bbox 941 3469 982 3518; x_wconf 85' lang='lat' dir='ltr'><strong>hie</strong></span> <span class='ocrx_word' id='word_1_329' title='bbox 1006 3469 1075 3517; x_wconf 88' lang='lat' dir='ltr'><strong>nulla</strong></span> <span class='ocrx_word' id='word_1_330' title='bbox 1098 3479 1198 3535; x_wconf 86' lang='lat' dir='ltr'><strong>apparet</strong></span> 
     </span>
     <span class='ocr_line' id='line_1_35' title="bbox 174 3552 1196 3621; baseline 0 -15"><span class='ocrx_word' id='word_1_331' title='bbox 174 3559 224 3606; x_wconf 82' lang='lat' dir='ltr'><strong>ivm</strong></span> <span class='ocrx_word' id='word_1_332' title='bbox 236 3560 307 3606; x_wconf 74' lang='lat' dir='ltr'><strong>Lutto</strong></span> <span class='ocrx_word' id='word_1_333' title='bbox 317 3557 468 3621; x_wconf 66' lang='lat' dir='ltr'><strong>pertransit.</strong></span> <span class='ocrx_word' id='word_1_334' title='bbox 482 3554 567 3602; x_wconf 73' lang='lat' dir='ltr'><strong>lerum</strong></span> <span class='ocrx_word' id='word_1_335' title='bbox 580 3552 609 3601; x_wconf 90' lang='lat' dir='ltr'><strong>de</strong></span> <span class='ocrx_word' id='word_1_336' title='bbox 623 3552 668 3602; x_wconf 83' lang='lat' dir='ltr'><strong>hoc</strong></span> <span class='ocrx_word' id='word_1_337' title='bbox 701 3569 796 3616; x_wconf 76' lang='lat' dir='ltr'><strong>cemes,</strong></span> <span class='ocrx_word' id='word_1_338' title='bbox 820 3555 870 3602; x_wconf 86' lang='lat' dir='ltr'><strong>sive</strong></span> <span class='ocrx_word' id='word_1_339' title='bbox 895 3557 920 3603; x_wconf 92' lang='lat' dir='ltr'><strong>in</strong></span> <span class='ocrx_word' id='word_1_340' title='bbox 941 3559 1081 3606; x_wconf 78' lang='lat' dir='ltr'><strong>necessitate</strong></span> <span class='ocrx_word' id='word_1_341' title='bbox 1102 3558 1196 3606; x_wconf 89' lang='lat' dir='ltr'><strong>sivein</strong></span> 
     </span>
     <span class='ocr_line' id='line_1_36' title="bbox 174 3641 1196 3711; baseline -0.002 -17"><span class='ocrx_word' id='word_1_342' title='bbox 174 3647 274 3711; x_wconf 80' lang='lat' dir='ltr'><strong>quisque</strong></span> <span class='ocrx_word' id='word_1_343' title='bbox 286 3647 392 3708; x_wconf 83' lang='lat' dir='ltr'><strong>sentiet,</strong></span> <span class='ocrx_word' id='word_1_344' title='bbox 408 3653 437 3693; x_wconf 87' lang='lat' dir='ltr'><strong>ut</strong></span> <span class='ocrx_word' id='word_1_345' title='bbox 450 3642 523 3693; x_wconf 57' lang='lat' dir='ltr'><strong>volete</strong></span> <span class='ocrx_word' id='word_1_346' title='bbox 537 3642 610 3691; x_wconf 84' lang='lat' dir='ltr'><strong>Recte</strong></span> <span class='ocrx_word' id='word_1_347' title='bbox 626 3658 671 3690; x_wconf 91' lang='lat' dir='ltr'><strong>ve-</strong></span> <span class='ocrx_word' id='word_1_348' title='bbox 701 3641 822 3707; x_wconf 75' lang='lat' dir='ltr'><strong>elegantia</strong></span> <span class='ocrx_word' id='word_1_349' title='bbox 837 3659 944 3708; x_wconf 84' lang='lat' dir='ltr'><strong>quaeras.</strong></span> <span class='ocrx_word' id='word_1_350' title='bbox 966 3646 1047 3710; x_wconf 86' lang='lat' dir='ltr'><strong>Neque</strong></span> <span class='ocrx_word' id='word_1_351' title='bbox 1059 3647 1146 3709; x_wconf 70' lang='lat' dir='ltr'><strong>ptimo</strong></span> <span class='ocrx_word' id='word_1_352' title='bbox 1156 3660 1196 3692; x_wconf 77' lang='lat' dir='ltr'><strong>ev·</strong></span> 
     </span>
     <span class='ocr_line' id='line_1_37' title="bbox 173 3729 1197 3798; baseline 0.003 -20"><span class='ocrx_word' id='word_1_353' title='bbox 173 3745 201 3778; x_wconf 83' lang='lat' dir='ltr'><strong>ro</strong></span> <span class='ocrx_word' id='word_1_354' title='bbox 214 3731 298 3792; x_wconf 76' lang='lat' dir='ltr'><strong>prinus</strong></span> <span class='ocrx_word' id='word_1_355' title='bbox 310 3732 416 3780; x_wconf 75' lang='lat' dir='ltr'><strong>cedunt:</strong></span> <span class='ocrx_word' id='word_1_356' title='bbox 434 3746 512 3797; x_wconf 84' lang='lat' dir='ltr'><strong>neque</strong></span> <span class='ocrx_word' id='word_1_357' title='bbox 527 3729 669 3794; x_wconf 83' lang='lat' dir='ltr'><strong>hancquis·</strong></span> <span class='ocrx_word' id='word_1_358' title='bbox 701 3729 763 3776; x_wconf 84' lang='lat' dir='ltr'><strong>dunt</strong></span> <span class='ocrx_word' id='word_1_359' title='bbox 779 3731 920 3778; x_wconf 81' lang='lat' dir='ltr'><strong>sententiam</strong></span> <span class='ocrx_word' id='word_1_360' title='bbox 942 3730 1032 3781; x_wconf 84' lang='lat' dir='ltr'><strong>hahent</strong></span> <span class='ocrx_word' id='word_1_361' title='bbox 1050 3734 1107 3780; x_wconf 87' lang='lat' dir='ltr'><strong>satis</strong></span> <span class='ocrx_word' id='word_1_362' title='bbox 1125 3748 1197 3798; x_wconf 86' lang='lat' dir='ltr'><strong>expe·</strong></span> 
     </span>
     <span class='ocr_line' id='line_1_38' title="bbox 173 3810 1195 3884; baseline 0.004 -20"><span class='ocrx_word' id='word_1_363' title='bbox 173 3817 239 3882; x_wconf 83' lang='lat' dir='ltr'><strong>piam</strong></span> <span class='ocrx_word' id='word_1_364' title='bbox 253 3816 380 3867; x_wconf 83' lang='lat' dir='ltr'><strong>lectionem</strong></span> <span class='ocrx_word' id='word_1_365' title='bbox 392 3815 522 3876; x_wconf 84' lang='lat' dir='ltr'><strong>sollicitet,</strong></span> <span class='ocrx_word' id='word_1_366' title='bbox 539 3822 581 3860; x_wconf 87' lang='lat' dir='ltr'><strong>aut</strong></span> <span class='ocrx_word' id='word_1_367' title='bbox 593 3814 668 3874; x_wconf 79' lang='lat' dir='ltr'><strong>privo</strong></span> <span class='ocrx_word' id='word_1_368' title='bbox 700 3810 783 3860; x_wconf 89' lang='lat' dir='ltr'><strong>ditam.</strong></span> <span class='ocrx_word' id='word_1_369' title='bbox 816 3812 893 3862; x_wconf 87' lang='lat' dir='ltr'><strong>Silvae</strong></span> <span class='ocrx_word' id='word_1_370' title='bbox 910 3813 947 3862; x_wconf 85' lang='lat' dir='ltr'><strong>bis</strong></span> <span class='ocrx_word' id='word_1_371' title='bbox 963 3817 1022 3866; x_wconf 84' lang='lat' dir='ltr'><strong>solie</strong></span> <span class='ocrx_word' id='word_1_372' title='bbox 1041 3819 1068 3865; x_wconf 91' lang='lat' dir='ltr'><strong>in</strong></span> <span class='ocrx_word' id='word_1_373' title='bbox 1089 3819 1195 3884; x_wconf 82' lang='lat' dir='ltr'><strong>singulos</strong></span> 
     </span>
     <span class='ocr_line' id='line_1_39' title="bbox 172 3897 1229 3970; baseline 0.002 -18"><span class='ocrx_word' id='word_1_374' title='bbox 172 3902 311 3954; x_wconf 80' lang='lat' dir='ltr'><strong>substituet.</strong></span> <span class='ocrx_word' id='word_1_375' title='bbox 339 3905 493 3970; x_wconf 80' lang='lat' dir='ltr'><strong>Hieronymus</strong></span> <span class='ocrx_word' id='word_1_376' title='bbox 517 3901 620 3949; x_wconf 68' lang='lat' dir='ltr'><strong>Praesit.</strong></span> <span class='ocrx_word' id='word_1_377' title='bbox 639 3897 669 3947; x_wconf 79' lang='lat' dir='ltr'><strong>ed</strong></span> <span class='ocrx_word' id='word_1_378' title='bbox 699 3916 773 3948; x_wconf 81' lang='lat' dir='ltr'><strong>annos</strong></span> <span class='ocrx_word' id='word_1_379' title='bbox 794 3910 901 3962; x_wconf 85' lang='lat' dir='ltr'><strong>mutant,</strong></span> <span class='ocrx_word' id='word_1_380' title='bbox 924 3912 1051 3950; x_wconf 72' lang='lat' dir='ltr'><strong>iustumne</strong></span> <span class='ocrx_word' id='word_1_381' title='bbox 1073 3905 1195 3968; x_wconf 82' lang='lat' dir='ltr'><strong>accipiunt</strong></span> <span class='ocrx_word' id='word_1_382' title='bbox 1227 3943 1229 3948; x_wconf 85' lang='lat'><em>.</em></span> 
     </span>
     <span class='ocr_line' id='line_1_40' title="bbox 170 3986 1194 4054; baseline 0.003 -16"><span class='ocrx_word' id='word_1_383' title='bbox 170 3991 203 4042; x_wconf 88' lang='lat'><strong>11.</strong></span> <span class='ocrx_word' id='word_1_384' title='bbox 228 3990 318 4040; x_wconf 85' lang='lat' dir='ltr'><strong>librum</strong></span> <span class='ocrx_word' id='word_1_385' title='bbox 343 3991 426 4040; x_wconf 78' lang='lat' dir='ltr'><strong>Ossae:</strong></span> <span class='ocrx_word' id='word_1_386' title='bbox 455 3992 589 4053; x_wconf 79' lang='lat' dir='ltr'><strong>Postquam</strong></span> <span class='ocrx_word' id='word_1_387' title='bbox 613 3989 666 4036; x_wconf 83' lang='lat' dir='ltr'><strong>elia</strong></span> <span class='ocrx_word' id='word_1_388' title='bbox 698 3987 773 4050; x_wconf 89' lang='lat' dir='ltr'><strong>flava,</strong></span> <span class='ocrx_word' id='word_1_389' title='bbox 789 4002 846 4034; x_wconf 83' lang='lat' dir='ltr'><strong>vere</strong></span> <span class='ocrx_word' id='word_1_390' title='bbox 867 3986 960 4038; x_wconf 86' lang='lat' dir='ltr'><strong>viridia.</strong></span> <span class='ocrx_word' id='word_1_391' title='bbox 981 3990 1057 4054; x_wconf 80' lang='lat' dir='ltr'><strong>Quum</strong></span> <span class='ocrx_word' id='word_1_392' title='bbox 1070 3989 1143 4040; x_wconf 72' lang='lat' dir='ltr'><strong>silvie</strong></span> <span class='ocrx_word' id='word_1_393' title='bbox 1157 3993 1194 4041; x_wconf 85' lang='lat' dir='ltr'><strong>fo·</strong></span> 
     </span>
     <span class='ocr_line' id='line_1_41' title="bbox 172 4076 1190 4146; baseline -0.002 -17"><span class='ocrx_word' id='word_1_394' title='bbox 172 4082 271 4128; x_wconf 80' lang='lat' dir='ltr'><strong>uenerit</strong></span> <span class='ocrx_word' id='word_1_395' title='bbox 293 4082 441 4146; x_wconf 64' lang='lat' dir='ltr'><strong>gereretis,</strong></span> <span class='ocrx_word' id='word_1_396' title='bbox 463 4080 601 4143; x_wconf 77' lang='lat' dir='ltr'><strong>primisque</strong></span> <span class='ocrx_word' id='word_1_397' title='bbox 616 4077 665 4138; x_wconf 75' lang='lat' dir='ltr'><strong>fo·</strong></span> <span class='ocrx_word' id='word_1_398' title='bbox 696 4076 731 4125; x_wconf 80' lang='lat' dir='ltr'><strong>lie</strong></span> <span class='ocrx_word' id='word_1_399' title='bbox 750 4084 859 4138; x_wconf 85' lang='lat' dir='ltr'><strong>mutant,</strong></span> <span class='ocrx_word' id='word_1_400' title='bbox 886 4093 914 4124; x_wconf 78' lang='lat' dir='ltr'><strong>eu</strong></span> <span class='ocrx_word' id='word_1_401' title='bbox 929 4093 977 4127; x_wconf 90' lang='lat' dir='ltr'><strong>uon</strong></span> <span class='ocrx_word' id='word_1_402' title='bbox 992 4079 1073 4125; x_wconf 85' lang='lat' dir='ltr'><strong>stetim</strong></span> <span class='ocrx_word' id='word_1_403' title='bbox 1089 4077 1190 4138; x_wconf 68' lang='lat' dir='ltr'><strong>eoduma</strong></span> 
     </span>
    </p>
   </div>
   <div class='ocr_carea' id='block_1_8' title="bbox 0 0 1380 4844">
    <p class='ocr_par' dir='ltr' id='par_1_8' title="bbox 0 0 1380 4844">
     <span class='ocr_line' id='line_1_42' title="bbox 0 0 1380 4844; baseline 0 6"><span class='ocrx_word' id='word_1_404' title='bbox 0 0 1380 4844; x_wconf 95' lang='lat' dir='ltr'><strong> </strong></span> 
     </span>
    </p>
   </div>
  </div>
 </body>
</html>
