2752 4844
257 651 328 803 o.
373 648 751 771 floram
780 571 1135 766 'scacos

353 995 356 1002 Ι
518 889 849 967 or1sroia

440 1087 531 1182 ao
573 1058 927 1184 alsonus,

590 1311 781 1344 ψ

172 1498 176 1503 ·
208 1479 237 1537 Q.
247 1479 351 1528 Horatii
363 1482 448 1529 llooci
456 1481 573 1544 Epistola
585 1479 669 1528 odPl-
701 1481 817 1541 iocosum,
829 1477 939 1540 mordax,
953 1487 978 1527 et
991 1493 1075 1526 nomeu
1087 1477 1197 1526 Latinum

174 1579 251 1612 coneo.
269 1565 340 1613 Multi
355 1565 431 1613 multa
447 1564 475 1613 dc
492 1565 571 1614 titulis
586 1567 670 1614 ommi-
702 1567 796 1613 Satara
819 1580 927 1629 magnam
950 1561 1055 1611 habebat
1075 1562 1197 1611 literarum

173 1665 231 1698 num
238 1650 416 1698 Horatiauorum
425 1648 612 1715 disputaverunt.
623 1651 669 1716 ligo
701 1647 881 1698 similitudinem
897 1649 987 1697 nomini
1002 1648 1089 1696 Graeco
1102 1646 1199 1697 Σάτυ-

174 1733 233 1799 quid
249 1734 309 1783 mihi
324 1751 379 1783 vero
396 1751 445 1782 esse
458 1734 535 1783 simile
549 1734 669 1798 videatur,
703 1751 757 1801 ooo,
771 1734 841 1796 hino,
854 1750 901 1783 non
915 1735 962 1799 ipsi
970 1733 1200 1799 Romani‚quiqui·
1226 1749 1229 1759 ‘

174 1817 258 1869 dicam.
274 1818 463 1886 Duopraeoipua
479 1821 570 1885 poesios
582 1837 669 1886 genera
701 1819 754 1868 dem
773 1836 820 1868 nou
842 1829 919 1868 essent
936 1801 1040 1881 indocti,
1063 1817 1104 1867 sed
1119 1818 1199 1866 (iram-

175 1914 256 1968 erant‚
277 1906 374 1970 Epicuro
395 1915 420 1954 et
438 1907 609 1969 Dramaticnm,
626 1905 671 1954 boc
703 1907 785 1954 matioi
797 1907 939 1955 recentiores
947 1905 1200 1954 Satoroaollomauam

174 2000 249 2039 metro
273 1990 390 2056 iambico,
413 1991 477 2041 illud
492 1991 595 2041 heroico.
618 1991 671 2040 Gar-
703 1991 928 2040 confuderuntcum
937 1990 1202 2055 Satyricdraecinat·

174 2078 239 2126 mina
259 2080 362 2140 minora,
387 2095 434 2126 uon
455 2094 529 2126 unm
544 2094 572 2126 ac
587 2094 672 2144 perpe·
696 2094 749 2144 v(pre
762 2077 818 2127 inde
834 2087 904 2126 uatus
921 2088 956 2126 cst
973 2094 1050 2139 error,
1067 2093 1114 2142 quo
1129 2074 1201 2124 hodia

174 2171 243 2210 tuum
264 2162 378 2211 habentia
399 2171 578 2228 argumentum,
601 2164 672 2210 variis
704 2161 1202 2226 vulgoiuomuibusbuiuslluropaelinguis

174 2249 303 2312 composita
326 2249 422 2310 metris,
447 2249 468 2295 si
489 2249 515 2294 iu
532 2262 606 2294 unum
622 2262 672 2294 cor-
697 2245 838 2294 'librumvel
854 2246 1096 2309 carmeuridiculum,
1109 2245 1154 2294 ubi
1165 2246 1201 2294 vi·

173 2346 219 2397 pus
243 2331 307 2382 edita
330 2333 544 2397 coniungerentur,
560 2347 671 2379 eommu-
704 2332 738 2380 tia
748 2331 869 2380 homiuum
880 2330 1202 2397 destringantur‚appellant

173 2433 227 2467 nem
248 2416 369 2467 habebant
393 2417 509 2479 titulum,
532 2415 671 2482 appellaba·
702 2415 1201 2482 Sotyrom,quod‚batiuescribentes‚in-
1287 2420 1290 2425 '

172 2513 259 2570 tuaque
272 2503 335 2552 illud
348 2518 431 2569 eorpus
445 2501 671 2551 SatorovelEolo-
703 2501 797 2550 terdum
821 2504 998 2568 perspicuitatis
1019 2518 1100 2551 mussa
1122 2504 1202 2551 imita·

170 2604 228 2655 goa.
243 2591 338 2638 Sotaro
350 2589 398 2637 sive
411 2590 514 2650 Sotira,
528 2597 557 2635 ut
570 2587 673 2636 ostendit
705 2604 766 2636 mur.
783 2589 877 2636 Sotoro
889 2590 965 2654 igitur
980 2591 1086 2637 continet
1100 2590 1203 2638 wirina

172 2677 211 2723 vir
226 2675 361 2740 magnusls.
375 2672 536 2735 Casaubonus,
554 2682 589 2720 est
604 2689 672 2721 voca-
704 2672 827 2734 miscella,
847 2672 928 2737 qualia
943 2673 1042 2721 maiores
1056 2675 1132 2722 nostri
1147 2690 1203 2738 poe·

173 2759 258 2808 bulum
278 2760 403 2822 latinum,
429 2769 454 2807 et
475 2758 564 2807 dicitur
584 2765 672 2806 saturo
702 2767 742 2806 tae
756 2757 908 2807 nominabant
921 2760 1203 2822 olosmiaoollommoo·

171 2846 265 2894 scilicet
290 2848 368 2905 loao5
397 2846 458 2892 lona
477 2852 558 2892 autem
582 2851 670 2892 satura
699 2846 814 2909 galmoas.
840 2844 889 2892 Iam
910 2859 985 2910 aeque
1003 2843 1202 2908 ridiculumest,

176 2940 212 2979 est
222 2932 317 2996 patina,
333 2929 404 2995 plena
415 2929 480 2977 vario
493 2945 580 2994 genere
593 2945 674 2993 pomo·
702 2930 726 2978 si
740 2931 793 2995 quis
806 2927 932 2978 contendat
944 2928 989 2977 boc
999 2927 1140 2978 vocabulum
1153 2946 1203 2978 esse

175 3033 242 3078 rum,
264 3015 325 3064 unde
342 3013 484 3063 transfertur
500 3012 531 3063 ad
544 3014 672 3063 mixturam
702 3014 858 3064 derivandum
873 3031 887 3063 a
903 3015 1014 3062 miscello
1028 3016 1117 3078 Maro,
1131 3031 1202 3080 quam

175 3102 279 3150 aliarum
294 3115 387 3162 aarum,
404 3101 482 3166 legam
497 3106 623 3163 saturam,
637 3101 675 3148 lti-
708 3101 826 3150 Satorum
854 3117 869 3148 a
893 3101 1003 3164 Satyris.
1035 3098 1204 3150 Convenieutia

176 3189 281 3237 storiam
292 3201 341 3251 per
355 3185 482 3248 saturam,
503 3201 563 3251 quae
579 3185 674 3234 Graecia
704 3187 784 3234 latini
795 3186 895 3234 nominis
905 3201 959 3234 cum
969 3186 1069 3250 Graeco,
1081 3196 1107 3235 et
1118 3186 1204 3236 ultim

176 3283 212 3323 est
228 3271 344 3337 ποικίλη.
361 3271 506 3336 Argumenta
519 3273 626 3319 Saturae
638 3280 675 3319 tot
708 3287 761 3336 pars
777 3270 903 3320 Neerlaudi
920 3287 973 3320 eum
988 3273 1086 3335 Latino,
1103 3282 1139 3322 est
1154 3274 1203 3322 for·

176 3369 256 3423 arant,
278 3368 337 3425 quot
354 3367 421 3407 erant
437 3356 545 3422 singulae
562 3373 589 3406 ac
605 3372 672 3422 sepa-
704 3357 776 3405 tuito.
798 3356 881 3405 Postea
895 3356 995 3406 Romani
1009 3357 1086 3406 multa
1101 3357 1149 3407 alia
1161 3372 1203 3406 uo·

174 3455 240 3494 ratae
256 3453 352 3511 partes,
372 3444 421 3492 sive
438 3459 477 3491 eas
491 3443 619 3505 camino,
641 3442 673 3491 te·-
705 3444 769 3491 mina
789 3441 820 3490 ad
843 3440 1007 3491 declarandam
1026 3458 1105 3491 rerum
1120 3441 1203 3492 buius·

174 3533 243 3594 droa,
250 3530 392 3596 poemenio,
410 3529 459 3577 sive
472 3526 540 3576 aliud
552 3528 672 3578 nominare
705 3526 768 3577 modi
789 3528 933 3594 farraginem
954 3531 1110 3591 invenerunt,
1134 3544 1203 3593 prae-

173 3614 243 3664 valis.
259 3616 372 3664 ductores
386 3615 493 3663 Sotoroe
504 3614 531 3661 iu
546 3614 577 3662 iis
589 3614 672 3662 cumi·
703 3615 786 3663 sertim
807 3630 862 3663 eum
881 3613 1058 3678 Graecamagis
1075 3612 1203 3663 invalesce·

175 3699 246 3749 uibus
266 3700 305 3748 vel
326 3698 469 3761 laudabant,
491 3698 530 3747 vel
551 3700 672 3764 vitupera·
703 3697 770 3748 bant.
800 3699 875 3748 Aulus
895 3698 986 3747 Gellius
1006 3699 1033 3746 in
1053 3697 1204 3748 Praelationa

175 3784 252 3848 baut,
268 3785 306 3833 vel
323 3783 450 3847 docebant,
464 3783 502 3832 vel
519 3785 597 3832 omnia
612 3783 671 3833 hacc
703 3785 812 3834 Noctium
828 3784 959 3832 Atticarum
974 3782 1090 3832 nonnulla
1107 3784 1204 3834 retulit.

177 3871 248 3920 simul
265 3868 399 3933 faciebant,
415 3879 443 3917 ut
459 3870 568 3918 Horatius
584 3871 610 3918 in
626 3868 671 3919 hae
703 3869 750 3918 Sed
771 3871 866 3918 Satara
887 3878 923 3916 est
944 3869 1150 3934 antiquissimum,
1176 3879 1202 3919 et

177 3960 229 4023 ipsa
249 3954 280 4005 ad
296 3955 389 4003 Pisones
403 3955 507 4020 Epistola
523 3956 590 4005 fecit.
614 3956 674 4019 Quia
706 3956 847 4004 anctoritate
865 3955 934 4003 Ennii
949 3955 1017 4019 (suasi
1032 3965 1203 4006 consecratam.

176 4060 231 4094 vero
249 4049 415 4108 argumentum
430 4056 501 4106 saepe
515 4050 566 4089 erat
581 4039 672 4105 bilare,
706 4042 793 4090 Ennius
814 4040 908 4106 scripsit
926 4040 996 4104 llpica
1015 4047 1039 4087 et
1050 4039 1202 4092 ‘Dramatioa
