2752 4844
178 370 234 430 168
445 370 660 430 uonntlt
691 358 934 429 trls'tott

171 560 235 612 ctus,
245 550 371 615 Epistolam
386 549 500 599 scriberet
513 550 543 599 ds
556 566 597 611 eo,
612 548 674 614 quod
707 551 756 596 tius
771 551 970 597 micantissima
985 557 1124 613 praecepta,
1142 557 1206 596 teste

173 637 199 683 in
212 644 297 683 natura
314 644 338 683 et
352 636 427 684 forma
439 638 531 700 poesios
542 652 624 683 verum
638 651 673 682 es·
704 633 849 696 Scholiasta,
867 652 897 683 ex
911 634 1062 699 Neoptolemo
1078 634 1207 699 congessit.

173 731 210 768 set
233 729 258 768 et
276 720 388 786 elegam,
407 720 517 786 idemque
532 722 557 768 in
573 737 601 768 ea
617 721 674 768 scri·
707 719 798 784 Selegit
814 721 903 784 igitur,
927 721 990 767 etin
1005 718 1126 785 seligendo
1142 718 1209 767 iudi-

173 806 257 870 ptione
271 807 345 870 ipsam
363 807 461 855 formam
477 808 512 854 ita
527 805 675 870 negligeret,
709 806 772 852 cium
788 803 907 853 adhibuit.
928 806 1025 853 Etiamsi
1041 804 1211 870 Neoptolemus

176 900 204 938 ut
229 891 304 955 magis
328 890 450 938 rideretur
477 891 612 956 exemplum
637 889 677 938 de·
709 891 735 937 in
760 893 895 938 oeconomia
919 891 1005 939 luisset
1031 890 1210 956 negligentior,

178 974 239 1023 disse
258 977 371 1040 pessimae
389 977 491 1033 formae;
512 977 579 1042 quasi
595 992 680 1041 propo·
712 975 821 1023 Horatius
850 992 898 1023 esse
924 993 971 1025 non
994 977 1118 1042 potuisset.
1158 976 1212 1023 Duo

180 1077 267 1126 ponere
283 1061 414 1124 voluisset,
436 1072 464 1109 ut
479 1062 562 1110 Graeci
578 1060 678 1122 dicunt,
711 1063 907 1126 praestantissimi
942 1072 1026 1127 poetae
1066 1063 1213 1109 recentiores
1259 1120 1263 1129 Ι

180 1149 232 1210 τὴν
248 1146 276 1194 ἐκ
295 1145 458 1212 διαστροφῆς
477 1142 680 1212 ἐπανόρθωσιν.ρ
712 1145 795 1194 multis
819 1156 872 1210 post
896 1147 996 1194 saeculis
1020 1145 1051 1195 ad
1075 1146 1213 1212 exemplum

181 1231 207 1279 Si
217 1232 327 1279 Horatius
343 1230 398 1279 data
412 1247 483 1297 opera
496 1232 522 1279 in
535 1230 593 1278 locis
606 1232 680 1279 maxi·
711 1231 804 1278 Horatii
819 1229 1002 1279 librosdeorte
1014 1234 1114 1296 poetica
1130 1230 1213 1280 edide-
1237 1294 1240 1299 ,

181 1335 218 1366 me
239 1316 324 1365 alienis
340 1315 432 1364 diversa
447 1327 574 1382 praecepta
590 1333 677 1382 ponere
710 1326 784 1378 runt,
808 1318 839 1365 N.
853 1317 1007 1382 Hieronymus
1023 1316 1097 1379 lida,
1115 1318 1210 1380 ltalns,

180 1402 308 1464 voluisset,
319 1403 360 1449 vix
374 1402 460 1450 melius
472 1404 602 1467 potuisset,
611 1418 681 1467 quam
712 1403 810 1464 Latine,
825 1402 934 1450 Nicolans
948 1401 1066 1451 Boilarius
1079 1402 1108 1451 de
1120 1405 1212 1466 Pratis,

97 1492 101 1497 '
181 1496 211 1534 nt
226 1503 290 1534 nunc
306 1488 382 1551 posita
397 1489 537 1552 accepimus.
555 1488 626 1552 Finge
635 1487 681 1534 Ho-
712 1487 826 1550 Francus,
835 1487 952 1536 Francice.
960 1488 1082 1536 Horatium
1088 1506 1181 1555 semper
1189 1500 1216 1538 et

179 1573 267 1621 ratium
280 1571 374 1636 singula
388 1582 514 1637 praecepta
528 1574 682 1637 composuisse
716 1570 805 1637 ubique
821 1583 877 1621 ante
894 1573 974 1622 oculos
988 1572 1110 1637 habuere,
1132 1576 1215 1623 imita·

179 1658 320 1722 separatim,
337 1656 406 1706 verbi
417 1674 511 1720 cerame,
528 1656 600 1706 bodie
614 1675 682 1723 prae·
714 1659 793 1721 tione,
810 1675 880 1724 saepe
896 1661 982 1722 nimia,
1000 1677 1150 1726 expressere,
1165 1664 1216 1711 toti

183 1752 279 1808 ceptum
294 1743 323 1790 de
339 1745 448 1791 camnine
461 1746 569 1806 heroico,
585 1760 636 1792 cras
652 1742 681 1791 de
714 1742 744 1791 ab
757 1744 853 1792 Horatio
865 1744 1009 1810 pendentes,
1022 1748 1069 1794 toti
1081 1747 1214 1796 Horatiani.

181 1830 268 1893 inepto
283 1830 434 1892 recitaturo,
454 1839 505 1877 tum
521 1830 550 1877 do
565 1831 683 1877 cudendis
715 1830 829 1894 Uterque,
844 1829 907 1895 quod
919 1832 945 1878 in
958 1831 1061 1895 Epistola
1075 1831 1104 1881 ad
1120 1833 1217 1882 Pisones

184 1917 258 1962 novis
272 1917 411 1978 vocabulis,
429 1914 514 1963 deinde
529 1916 560 1963 de
574 1917 685 1963 camnine
718 1916 843 1978 pessinrum
861 1925 913 1976 est,
933 1917 1003 1965 cavit.
1027 1918 1088 1966 Snus
1103 1920 1218 1967 nimirum

185 2002 311 2061 Sotimus,
325 2010 407 2064 postea
424 2002 453 2048 de
464 2003 525 2062 filio
540 2002 629 2048 Altini
643 2017 683 2048 os·
715 2016 832 2065 quemque
854 2017 935 2048 sensus
956 2003 1029 2051 tacite
1051 2005 1076 2051 in
1089 2003 1217 2053 meliorem

183 2101 234 2134 sem
247 2086 277 2131 in
285 2092 375 2148 portes
388 2085 532 2133 diducente:
541 2087 625 2150 quanti
633 2094 684 2132 erat
716 2087 778 2133 viam
801 2087 886 2133 traxit:
909 2102 1015 2149 cursum,
1037 2104 1083 2136 non
1099 2105 1142 2153 per
1157 2105 1217 2138 saxa

183 2167 405 2231 laboris,absoluto
414 2169 490 2233 libro,
503 2173 548 2218 ista
557 2180 683 2235 praecepta
716 2179 741 2218 et
766 2169 883 2232 salebras,
908 2170 950 2218 sed
971 2188 1073 2238 aequum
1094 2175 1218 2223 tramitem

183 2255 322 2321 disponere,
339 2257 423 2304 sicuti
440 2273 482 2321 ego
496 2258 543 2304 iam
560 2255 682 2320 disposui?
714 2254 860 2304 direxerunt.
875 2257 952 2321 Atque
963 2257 1026 2306 illud
1036 2261 1063 2307 in
1073 2260 1218 2326 Hieronymo

183 2341 229 2391 Sed
247 2357 324 2406 neque
343 2340 387 2390 illa
404 2341 524 2389 scribendi
539 2339 683 2389 consuetudo
716 2340 774 2389 tida
784 2358 812 2388 eo
825 2351 861 2389 est
873 2341 1016 2405 notabilius,
1026 2346 1083 2409 quia
1097 2346 1219 2395 ltaliillo-

184 2429 302 2475 invirum
318 2426 459 2492 prudentem
476 2426 548 2474 cadit.
564 2427 608 2474 Hic
625 2442 683 2490 opus
715 2442 768 2473 rum
788 2436 921 2492 temporum
942 2431 1043 2494 optimos
1058 2431 1172 2480 Romanos
1187 2435 1217 2484 in

183 2514 249 2560 intra
269 2528 294 2558 se
315 2512 382 2575 prius
405 2511 508 2573 format,
530 2510 583 2558 loca
605 2509 684 2558 distri·
717 2509 811 2558 modum
834 2522 882 2560 tam
903 2514 1013 2563 servilem
1034 2515 1132 2565 reddere
1156 2517 1220 2566 sole·

184 2595 257 2658 buit,
282 2595 384 2661 denique
408 2594 486 2643 verbis
510 2596 615 2644 investit.
647 2595 686 2644 Sic
718 2595 790 2659 bant,
811 2606 840 2644 ut
861 2614 891 2645 ne
912 2616 926 2646 a
947 2601 1012 2649 vitiis
1033 2601 1128 2667 quidem
1144 2602 1221 2653 absti-

184 2683 268 2730 Graeci
296 2683 324 2730 in
353 2680 422 2730 libris
451 2681 616 2744 didascalicis,
652 2682 686 2729 sic
718 2691 816 2743 nerent,
835 2682 876 2730 sed
893 2686 964 2732 etiam
980 2685 1043 2735 illud
1058 2703 1128 2754 saepe
1143 2687 1220 2738 admi-

184 2769 285 2817 Romani
317 2766 428 2834 agebant.
463 2767 501 2816 Sic
526 2770 575 2833 egit
601 2769 689 2816 Aristo·
720 2777 843 2830 narentur,
861 2768 924 2834 quod
939 2771 977 2818 rel
992 2782 1053 2821 esset
1067 2784 1220 2840 corruptum,

186 2855 260 2904 teles:
291 2856 326 2903 sic
349 2856 400 2902 sine
426 2852 498 2902 dubio
523 2852 689 2917 Neoptolemus
723 2862 748 2900 et
764 2851 849 2901 deinde
866 2871 896 2902 ex
913 2856 1051 2907 melioribus
1065 2859 1126 2908 MSS.
1141 2877 1223 2909 emen-

187 2937 688 3006 ille,cuiuspraeceptaHoratiusinbanc
720 2936 819 3001 datum,
849 2941 887 2988 rel
919 2942 982 3006 qnod
1003 2945 1056 3009 ipsa
1079 2947 1222 3011 scriptorum

188 3026 333 3092 Epistulam,
358 3042 406 3074 non
423 3025 519 3091 quidem
534 3025 628 3084 omnia,
650 3022 691 3070 sed
724 3023 795 3089 culpa
808 3026 886 3073 minus
900 3037 961 3074 esset
974 3027 1126 3081 laudandum.
1144 3032 1222 3097 itque

189 3112 390 3174 eminentissima,
417 3111 542 3176 congessit.
575 3107 688 3174 Equidem
720 3108 784 3157 idem
800 3109 880 3158 decori
896 3128 977 3161 sensus
993 3116 1137 3181 interpretes
1150 3117 1220 3166 duxit

187 3213 235 3246 non
256 3197 332 3245 multa
353 3197 382 3245 de
401 3196 552 3262 Neoptolemo
569 3194 684 3260 cognovi,
719 3211 771 3257 eos,
789 3197 832 3261 qui
845 3195 955 3246 libellum
968 3199 1124 3251 Horatiorum
1137 3205 1163 3251 in
1174 3203 1222 3251 lin-

186 3291 283 3349 praeter
296 3298 337 3343 ea,
354 3298 414 3347 quae
431 3280 551 3329 Fabricius
567 3290 592 3328 et
603 3279 686 3328 Harle·
718 3296 777 3345 guas
798 3279 922 3331 hodiernus
943 3296 1124 3352 converterunt,
1146 3288 1224 3338 bomi-

189 3370 239 3417 sius
255 3369 280 3416 in
296 3365 445 3415 Bibliotheca
460 3367 548 3414 Graeca
564 3375 690 3413 annotave-
722 3382 764 3413 nes
781 3382 829 3415 non
844 3367 940 3432 quidem
956 3374 1014 3421 satis
1028 3373 1112 3422 latine
1131 3374 1225 3424 intelli·

191 3463 256 3503 runt.
273 3452 319 3501 Sed
331 3462 382 3500 erat
393 3460 463 3517 poeta
475 3461 499 3498 et
511 3451 690 3516 grammaticus,
724 3460 823 3516 gentes,
839 3452 880 3501 sed
895 3457 992 3521 ingenio
1008 3468 1033 3506 et
1049 3458 1137 3507 indicio
1153 3476 1224 3524 prae-

104 3545 108 3556 '
191 3556 265 3606 eoque
274 3537 375 3600 ordinis,
389 3539 414 3586 in
423 3535 565 3585 carminibus
578 3553 686 3602 quoque,
720 3536 1144 3607 claros‚Sanadonum,Betteuxium,
1153 3544 1222 3594 Gott-

191 3627 331 3692 praesertim
356 3624 385 3672 de
409 3625 465 3671 Arte
482 3623 630 3688 compositis,
652 3621 694 3669 ob·
725 3623 852 3686 schedam,
883 3626 1031 3692 Ramlernm,
1055 3629 1223 3695 wielandum,

193 3712 330 3760 servantior.
348 3710 396 3757 laen
413 3719 483 3774 poeta
498 3709 616 3755 Romanus
622 3707 693 3754 Grae·
725 3709 836 3758 Vossium.
851 3711 895 3774 Hi,
906 3729 1048 3780 quamquam
1060 3715 1158 3764 verbum
1171 3734 1224 3766 ver-

192 3814 246 3845 cnm
270 3798 380 3859 imitans,
401 3791 623 3859 interpretabatur,
648 3791 693 3841 hoc
726 3793 757 3840 bo
782 3796 831 3843 fere
849 3795 986 3861 reddentes,
1006 3803 1031 3848 in
1049 3803 1167 3867 principio
1182 3820 1225 3850 no·

192 3893 245 3944 est,
269 3879 373 3930 faciebat
390 3882 473 3928 latine
491 3879 644 3943 loquentem,
664 3888 692 3925 ut
725 3897 767 3928 vae
792 3882 905 3946 cuiusque
927 3887 1058 3935 sententiae
1081 3887 1174 3953 aliquid
1195 3887 1225 3937 de

192 3967 236 4014 ille
252 3968 346 4014 locutus
363 3967 462 4026 suisset,
486 3965 507 4011 si
520 3963 635 4010 Romanos
653 3980 694 4027 pa·
726 3981 768 4012 suo
785 3964 871 4014 addere
887 3970 963 4017 coacti
976 3981 1046 4033 sunt,
1061 3982 1089 4021 ut
1101 3974 1226 4038 sequentia

190 4060 270 4100 rentes
287 4060 311 4098 et
328 4053 451 4114 magistros
467 4047 597 4096 habuisset.
620 4048 691 4097 llore-
725 4067 777 4098 cum
806 4052 1004 4116 praecedentibus
1033 4058 1115 4124 aliquo
1140 4058 1224 4108 saltem
