2752 4844
173 395 234 458 2³0
437 393 649 457 llOliA'l'Il
679 394 926 458 urlsucua

174 595 346 658 251-262.
367 597 477 679 Syllaba
495 597 575 677 longa
678 599 792 658 crinrine
810 602 892 678 turpi.

194 699 277 760 79-
296 698 345 760 82.
366 699 561 760 Archilochum
580 703 689 779 proprio
792 700 874 760 rebus
893 703 1012 784 agendis.

176 801 347 863 275-288.
367 804 498 884 Ignotum
517 805 630 882 tragicae
737 802 850 863 docuere
869 813 979 886 togatus.

176 903 347 965 202-224.
369 905 446 965 'libia
465 925 534 978 non,
556 914 587 963 ut
606 925 681 964 nunc
785 915 864 986 potus
883 917 910 968 ct
928 908 1012 969 exlex.

176 1006 347 1068 385-386.
369 1009 410 1068 Tu
429 1008 500 1067 nihil
520 1010 606 1068 inrita
711 1029 743 1068 ea
761 1029 914 1070 mens....

175 1108 347 1170 309-311.
369 1110 510 1170 Scribendi
529 1120 601 1170 recte
707 1131 763 1170 non
782 1115 866 1171 invita
884 1123 1038 1194 sequentur.

176 1211 346 1274 379-384.
369 1214 475 1274 Ludere
494 1216 543 1295 qui
561 1218 647 1273 nescit
751 1223 870 1274 remotus
889 1215 923 1275 ab
942 1222 1026 1276 omni.

176 1313 346 1375 412-418.
368 1317 422 1390 Qui
440 1315 532 1375 studet
550 1324 669 1396 optatam
774 1322 878 1378 nescire
896 1319 982 1380 fateri.

196 1416 278 1477 86-
297 1416 346 1477 88.
368 1417 519 1500 Descriptas
539 1440 644 1478 servare
663 1423 735 1478 vices
842 1420 943 1480 discere
958 1423 1038 1482 malo.

174 1518 345 1579 263-274.
367 1521 429 1580 Non
449 1525 538 1602 quivis
556 1521 631 1580 videt
738 1520 868 1581 callemus
888 1532 915 1581 et
933 1545 1005 1583 aure.

175 1621 346 1682 323-332.
368 1624 455 1683 Graiis
475 1627 617 1703 ingenium
722 1609 853 1683 servanda
872 1645 1004 1705 cupresso.

174 1724 344 1785 sss-476.
367 1725 404 1784 llt
423 1725 494 1786 mala
514 1747 597 1806 quem
617 1725 718 1784 scabies
823 1726 904 1806 plena
919 1733 1019 1788 cruoris
1039 1732 1146 1792 hirudo.

174 1825 345 1888 295-308.
367 1828 514 1908 Ingenium
532 1831 630 1886 misera
736 1848 791 1908 quo
811 1829 877 1887 ferat
896 1849 976 1889 error.

195 1929 277 1991 38-
298 1929 346 1989 41.
367 1930 472 1990 Sumite
491 1934 631 1989 materiam
736 1929 844 1990 lucidus
862 1931 936 1991 erdo.

296 2031 346 2092 23.
368 2025 492 2113 lienique
512 2036 546 2089 sit
566 2031 681 2112 quodvis
700 2032 814 2111 simplex
831 2032 961 2094 duntaxat
979 2046 1006 2094 et
1024 2057 1120 2096 unum.

217 2133 277 2195 1-
317 2132 346 2193 9.
368 2134 494 2193 llumano
514 2136 594 2212 capiti
700 2133 828 2193 reddatur
846 2136 947 2197 formae
957 2180 1040 2197 .....

177 2235 348 2298 149-150.
369 2237 405 2297 Et
424 2258 493 2318 quae
513 2236 635 2315 desperat
742 2236 872 2318 relinquit
883 2281 969 2299 .....

297 2338 345 2399 45.
368 2339 424 2398 lloc
443 2348 530 2410 amet,
551 2339 604 2397 hoc
624 2347 732 2419 spernat
749 2343 874 2418 promissi
887 2345 1014 2402 carminis
1033 2354 1131 2404 auctor.
1189 2362 1193 2371 '

193 2441 275 2501 42-
296 2440 344 2502 44.
367 2442 476 2501 Ordinis
493 2442 561 2501 haec
580 2443 665 2499 virtus
772 2451 878 2522 tempus
898 2448 1010 2504 omittat.

293 2542 342 2605 92.
364 2542 476 2622 Singula
496 2562 620 2622 quaeque
640 2540 731 2600 locum
747 2551 857 2602 teneant
875 2549 967 2606 sortita
985 2547 1117 2609 decenter.

189 2642 272 2704 29-
291 2643 340 2705 30.
363 2646 418 2719 Qui
437 2647 538 2703 variare
558 2646 634 2722 cupit
739 2643 868 2706 fluctibus
886 2669 991 2728 aprum.

190 2746 273 2808 32-
293 2746 342 2807 37.
364 2732 516 2807 Aemilium
535 2749 605 2804 circa
624 2744 723 2804 ludum
829 2752 962 2832 nigroque
980 2753 1107 2833 capium

193 2850 275 2909 14-
293 2849 343 2910 22.
366 2851 484 2930 Inceptis
504 2848 629 2929 gravibus
736 2870 785 2907 eur
802 2870 899 2911 urceus
918 2857 980 2913 exit.

172 2952 344 3015 128-130.
365 2952 482 3012 llifficile
500 2960 540 3011 est
646 2951 801 3032 indictaque
818 2957 931 3033 primus.

171 3054 343 3117 240-243.
365 3056 406 3115 Ex
425 3064 490 3116 noto
509 3053 605 3112 fictum
711 3055 814 3114 accedst
831 3055 949 3117 honoris.

174 3157 343 3219 131—149.
365 3156 479 3217 Publica
497 3159 620 3215 materies
727 3157 876 3218 auditorem
895 3164 965 3241 rapit
974 3203 1058 3221 .....

174 3259 344 3320 151-152.
366 3259 457 3341 Atque
475 3263 512 3316 ita
532 3261 663 3316 mentitm
761 3280 797 3317 ne
816 3259 948 3341 discrepet
964 3266 1059 3321 imum.

172 3359 343 3422 338-340.
365 3361 438 3420 Ficta
458 3359 601 3438 voluptatis
621 3380 801 3419 caussa
820 3363 941 3422 extrahat
956 3364 1025 3424 alvo.

172 3444 342 3525 317-322'.
363 3463 507 3543 Respicere
527 3461 665 3541 exemplar
770 3483 911 3544 nugaeque
929 3486 1049 3526 canorae.
1088 3500 1091 3509 ·

172 3564 341 3627 101-127.
363 3567 399 3625 llt
417 3564 568 3623 ridentibus
588 3564 707 3623 arrident
813 3552 841 3624 et
859 3566 912 3625 sibi
930 3578 1042 3628 constet.

47 3689 51 3700 ·
172 3667 342 3729 312—316.
364 3670 417 3743 Qui
438 3667 533 3726 didicit
552 3670 652 3746 patriae
758 3671 943 3729 convenientia
961 3676 1068 3753 cuique.
1134 3686 1137 3691 '

173 3769 341 3831 175-178.
364 3769 448 3830 llulta
468 3770 558 3828 ferunt
577 3772 642 3827 anni
746 3770 912 3830 morabimur
931 3777 1008 3853 aptis.

174 3872 342 3933 153-174.
364 3873 404 3932 Tu
424 3873 491 3953 quid
507 3892 555 3951 ego
572 3881 599 3930 et
614 3872 730 3951 populus
835 3878 1028 3958 castigatorque
1043 3881 1191 3938 minorum.

171 3974 340 4036 sss-337.
361 3975 418 4035 Aut
437 3975 649 4055 prodesse
669 3975 703 4034 de
721 3986 827 4064 pectore
846 3986 945 4038 manat.

168 4076 340 4138 all-346.
362 4078 504 4139 Centuriae
522 4081 660 4138 seniorum
678 4111 721 4124 --
732 4111 749 4125 -
766 4090 889 4160 prorogat
907 4100 1012 4142 aerum.
