2752 4844
172 391 211 450 50
432 386 644 448 uoulull
674 385 917 446 EPISTOLA

204 589 251 658 Ut
275 587 460 658 ridentibus
487 577 652 672 eriident,
677 584 723 652 ita
745 581 904 656 flentibus
929 585 1054 658 adflent

172 825 228 859 rum
244 810 361 874 grauium
382 810 448 856 leem
467 823 496 856 oc
511 806 600 855 ornata
614 821 667 854 con-
698 808 766 855 sisset
781 807 996 872 indignationem:
1016 824 1100 875 nempe
1119 807 1197 857 »dul-

165 896 322 945 stsuctione:
331 895 466 943 Mediocris
477 900 528 954 est,
542 907 603 954 quoe
614 907 668 939 con-
700 894 750 954 cie,
761 908 822 957 ques
838 892 939 942 effectus
948 906 1071 959 moveant,
1085 912 1146 961 quse
1155 911 1198 943 au·

173 987 229 1029 stat
243 995 273 1028 ea
288 981 431 1041 humiliore,
453 993 528 1042 nequeo
545 985 625 1025 tamen
640 993 671 1026 ea
703 977 786 1026 diteris
801 980 918 1041 murum,
935 997 1084 1048 quocumque
1098 981 1197 1043 volunt,

172 1068 260 1128 infima
274 1073 301 1113 et
311 1065 536 1130 pervulgatissima
548 1065 672 1110 uerborum
703 1062 733 1111 od
745 1063 940 1127 misericordium,
951 1066 1151 1132 indignationem,
1159 1065 1200 1114 do-

172 1152 313 1216 dignitats:
327 1152 466 1199 Attenuato
482 1155 533 1210 est,
555 1162 616 1209 quos
630 1148 669 1195 de-
699 1147 788 1210 lorcm,
804 1148 888 1197 fletum
901 1152 1021 1215 repient.”
1037 1154 1153 1202 Gesnerus
1165 1153 1201 1200 its

173 1238 252 1286 misso
273 1243 405 1298 estusque
425 1235 458 1281 ad
476 1234 671 1281 usitatissimam
703 1234 880 1298 explicavit‚ut
888 1253 934 1284 non
942 1237 1027 1286 melius
1034 1241 1088 1287 fieri
1096 1241 1199 1304 potuisse

168 1325 233 1388 puri
247 1324 367 1370 sermonis
387 1320 592 1368 consuetudinem.
616 1318 671 1366 Cec-
701 1317 819 1367 arbitrer:
846 1323 995 1386 »Pulchro,
1020 1339 1080 1388 qnae
1105 1325 1201 1389 placent

173 1425 212 1457 sor
226 1406 256 1455 de
271 1407 394 1455 Terentio:
418 1408 456 1453 Tu
472 1419 575 1467 quoquo,
598 1404 671 1450 tuin
702 1413 768 1452 recto
789 1404 892 1468 iudicio,
915 1417 979 1456 ceris
995 1410 1080 1456 vitium
1096 1426 1144 1457 non
1159 1409 1201 1458 hs·

173 1494 292 1555 motis,
325 1491 492 1540 odimidiate
519 1489 670 1550 Menander,
702 1486 882 1553 mundalem,
896 1508 956 1557 quae
969 1493 1078 1542 efficiunt
1087 1496 1199 1542 animum.

173 1579 294 1642 Poneris,
316 1586 342 1626 et
355 1579 460 1638 merito,-
473 1577 537 1640 puri
551 1576 670 1622 sermonis
700 1574 737 1622 Ite
754 1575 853 1635 fomes
876 1576 944 1626 nobis
964 1590 1061 1628 nument
1081 1580 1202 1646 ἐρωτικαὶ

174 1667 487 1726 ansatorrLcnilusatqus
499 1663 597 1710 atinam
611 1662 672 1709 scri-
703 1658 810 1709 homines
835 1661 894 1710 elios
910 1666 1079 1728 pulchriores,
1101 1665 1202 1713 admire-

170 1753 229 1815 ptis
244 1742 362 1799 adiuncta
367 1751 437 1812 soret
453 1749 501 1796 vis.
518 1746 563 1794 Ubi
570 1747 634 1810 puri
650 1755 673 1793 ct
706 1746 795 1794 tionem
824 1747 896 1795 solem
922 1760 1054 1813 moventes,
1080 1751 1203 1798 dulciores

173 1839 239 1886 lenis
253 1839 368 1902 accipies,
390 1853 437 1885 non
453 1832 553 1894 tumidi,
573 1848 621 1878 non
636 1833 672 1878 in·
703 1831 774 1892 olins,
788 1833 931 1897 imperantes
944 1852 1053 1886 amorem.
1065 1837 1155 1885 Gallice
1166 1836 1201 1884 di·

173 1923 240 1983 fleti·
254 1940 301 1971 non
313 1924 414 1988 poetica.
427 1920 465 1968 Sic
479 1920 531 1966 lene
545 1925 569 1964 et
577 1932 669 1979 purum
701 1915 801 1964 cendum
822 1927 873 1979 est,
896 1929 924 1966 ut
951 1923 1023 1969 etiam
1043 1921 1105 1970 belli
1127 1922 1202 1970 homi·

175 2009 299 2056 eoniunxit
327 2009 377 2073 ipsc
406 2004 542 2063 Terentius,
574 2001 671 2065 Prologo
703 2017 745 2048 nes
761 2002 911 2067 intelligent:
928 2006 1073 2054 LaBeaute
1088 2015 1128 2055 est
1137 2022 1203 2071 pour

174 2094 302 2142 Heautont.
320 2095 352 2141 Si
366 2106 426 2155 quoe
439 2090 622 2148 laboriosam,
638 2086 672 2134 od
701 2087 826 2150 l’Esprit,
854 2090 880 2135 lo
899 2091 1012 2138 Doucear
1032 2100 1071 2140 est
1091 2109 1157 2157 potor
1179 2095 1203 2140 le

174 2195 213 2228 nse
225 2181 353 2240 mamitus,-
371 2178 474 2226 Silonis
486 2181 537 2237 est,
551 2173 584 2221 od
594 2174 672 2220 alium
705 2173 808 2222 Ooeur.”
823 2174 886 2223 llaec
901 2175 1023 2226 Gesnerns.
1040 2179 1069 2226 Et
1084 2195 1139 2226 vero
1153 2195 1202 2226 car·

173 2267 286 2327 defertur
305 2281 414 2331 gregem.
438 2265 470 2312 In
489 2263 587 2310 honest
606 2275 673 2324 pura
704 2276 758 2308 men
782 2277 831 2309 esse
853 2272 931 2326 potest
942 2266 1087 2329 puluinum,
1107 2281 1151 2313 nec
1167 2275 1202 2312 tu-

175 2355 265 2402 eratu'o.
287 2353 360 2416 Quam
381 2348 420 2398 hic
433 2363 524 2412 purum
539 2355 607 2394 vocat
622 2363 672 2393 ore·
704 2362 758 2393 men
777 2347 860 2409 dulce,
882 2365 932 2396 esse
953 2361 1032 2414 potest
1049 2353 1134 2412 dulce,
1158 2366 1202 2398 nec

175 2440 281 2500 tionem,
303 2436 362 2484 alibi
383 2442 479 2481 tenuem
498 2449 526 2479 ue
541 2433 617 2478 avan
631 2447 673 2494 up·
699 2431 838 2493 pulchrum.
859 2432 969 2482 Horatius
986 2436 1037 2499 ipse
1053 2435 1098 2483 hoe
1113 2437 1203 2500 signifi-

84 2540 88 2548 ·
175 2522 266 2589 pellat,
283 2521 380 2584 Prologo
396 2518 488 2566 Phorm.
504 2517 562 2573 *Qui
579 2516 620 2561 ito
635 2515 673 2562 di·
706 2515 768 2562 cavit
783 2532 817 2563 vs.
832 2518 887 2565 319.
904 2518 1033 2566 Interdum
1048 2523 1157 2584 speciosa
1169 2518 1181 2568 l
1195 2534 1198 2539 ·

174 2609 268 2670 ctitot,
290 2622 351 2669 quas
365 2605 468 2652 antelmo
487 2601 557 2661 feeit
573 2600 677 2660 fabulas
707 2601 746 2647 cis
758 2608 898 2664 morataque
910 2610 975 2651 reete
988 2605 1094 2667 Fabula,
1108 2608 1204 2655 nullius

179 2694 259 2742 Tenui
269 2707 322 2741 esse
335 2691 445 2739 orattom
457 2704 486 2737 ac
498 2688 626 2750 scriptura
638 2687 673 2734 le·
704 2687 818 2748 veneris,
834 2689 889 2735 stne
900 2690 1006 2752 pondere
1022 2699 1047 2738 et
1062 2699 1130 2754 orte,
1151 2694 1204 2740 Val-

124 2760 127 2764 .
177 2781 213 2829 oi.
229 2779 314 2828 Verum
333 2776 386 2826 illic
407 2793 437 2825 ex
452 2791 507 2837 suo,
528 2771 569 2820 hic
587 2789 616 2820 ex
632 2770 673 2820 sd·
704 2771 763 2819 dius
776 2774 880 2822 oblectat
885 2778 1001 2839 populum
1012 2780 1204 2841 nullusquemo·

176 2867 275 2915 versarii
297 2879 396 2931 persons
418 2861 535 2926 loquitur3
562 2859 621 2923 qui,
645 2866 674 2906 ut
705 2864 792 2921 rotor,
818 2860 896 2918 Quom
913 2876 999 2911 versus
1017 2865 1102 2928 inopes
1122 2878 1204 2912 rerum

178 2951 268 3002 aemuli
293 2961 319 2999 et
341 2947 418 2998 invidi
440 2946 533 3006 solent,
563 2944 677 2991 virtutem
709 2959 834 3009 nugaeque
846 2962 955 2996 canorae.
969 2947 1058 2998 Fabula
1071 2951 1122 2998 sine
1134 2967 1204 2998 vene-

176 3038 291 3086 cretionis
309 3035 407 3085 finitimi
428 3042 454 3081 et
474 3029 601 3096 propinqui
620 3030 676 3078 vitii
707 3046 750 3093 re,
772 3030 874 3095 pondere
900 3043 925 3081 et
949 3043 1000 3082 erte
1019 3053 1066 3084 non
1089 3053 1144 3084 sons
1167 3044 1205 3083 est

102 3144 107 3152 ·
176 3123 272 3171 nomine
292 3120 404 3170 troducit.
426 3118 489 3167 Setis
504 3126 583 3164 tumen
599 3123 677 3164 osten·
703 3117 825 3179 pulchra:
845 3116 926 3166 eedem
947 3128 1026 3169 temen
1045 3131 1080 3168 cst
1094 3128 1204 3180 morata,

178 3207 228 3270 dit,
249 3207 307 3272 quid
317 3221 409 3271 punem
424 3206 470 3266 sit,
489 3204 529 3251 cui
543 3201 633 3249 confine
650 3210 675 3249 et
706 3201 802 3265 ingenis
823 3201 944 3252 hominum
959 3205 991 3254 acl
1005 3217 1104 3255 naturae
1119 3207 1205 3253 verite·

178 3294 311 3360 proximum
331 3292 416 3339 vitium
433 3298 470 3338 est
486 3296 557 3336 tenus
572 3304 599 3335 ec
616 3288 674 3335 leve.
708 3295 756 3334 tem
780 3288 899 3352 exprimit.
918 3290 1007 3340 Nature
1021 3293 1047 3340 in
1062 3291 1107 3339 teli
1122 3289 1206 3341 sabulo

176 3380 242 3429 liene
259 3396 328 3444 ergo,
350 3377 390 3424 cui
405 3385 502 3440 receptu
519 3390 566 3421 non
583 3373 676 3422 satisfe-
690 3400 694 3411 .
707 3382 805 3437 regnet,
822 3390 869 3423 non
885 3392 930 3424 ers.
948 3378 1032 3438 Poeta,
1048 3385 1076 3424 ut
1092 3392 1154 3424 nunc
1170 3376 1206 3425 ‹li-

177 3467 226 3529 cit,
238 3463 395 3530 Vigorniensis
404 3460 493 3508 Codicis
501 3459 628 3507 lectionem
640 3475 675 3507 se·
706 3459 793 3521 cimus,
810 3477 840 3508 ex
856 3460 971 3511 corde-sd
979 3479 1019 3511 cor
1031 3462 1144 3527 loquitur.
1162 3464 1206 3511 En-

176 3562 278 3619 quotur:
292 3566 347 3611 nos,
364 3545 468 3595 utnihil
480 3546 672 3611 pronuntiamus,
706 3544 760 3593 nius
785 3545 939 3612 componebat
960 3550 1062 3596 carmine
1083 3565 1131 3597 non
1148 3552 1206 3612 pul·

177 3641 213 3689 ite
235 3655 282 3687 non
304 3631 437 3702 poenitebit
456 3634 481 3679 in
502 3630 605 3679 medium
624 3646 674 3678 eum
706 3632 778 3693 clera,
799 3631 840 3680 sed
861 3633 961 3692 duloio5
984 3642 1034 3680 erat
1055 3643 1106 3681 arte
1123 3635 1205 3697 rudis,

179 3724 320 3791 protulisse,
334 3730 359 3769 et
375 3736 417 3786 pro
430 3716 526 3766 modulo
538 3715 676 3764 illustrasse.
705 3715 751 3764 'sed
766 3718 862 3782 ingenio
874 3718 1002 3779 maximus,
1018 3728 1045 3765 ut
1059 3735 1112 3766 eum
1126 3721 1207 3786 appel-

180 3808 338 3858 BENTLEIVS.
710 3802 746 3850 let
765 3802 868 3851 Ovidius.
889 3802 972 3851 Versus
987 3804 1106 3868 Apollonii
1121 3805 1208 3854 Rhodii

212 3896 331 3960 Oppositio
347 3895 410 3942 inter
421 3891 552 3956 patelierent
567 3896 592 3935 et
608 3887 676 3935 drolm
708 3898 764 3936 sunt
782 3889 896 3952 pulchri,
920 3904 968 3936 non
990 3890 1080 3940 dulces.
1116 3891 1207 3940 Similia

180 3997 227 4028 non
245 3991 279 4028 est
295 3980 402 4029 obscure.
418 3979 470 4045 lpse
487 3974 608 4025 Bentleius
624 3974 676 4021 dot
709 3975 818 4041 exemplo
827 3984 883 4021 sunt
893 3976 918 4022 in
932 3974 1030 4024 historie
1038 3993 1134 4041 poeseos
1144 3976 1208 4041 opud

180 4067 221 4114 cia
245 4075 309 4114 recte
330 4067 514 4130 interpretetur,
535 4059 603 4110 modo
621 4060 678 4108 omi·
710 4076 789 4109 omnes
810 4061 934 4124 notiones,
963 4063 989 4110 in
1012 4064 1090 4126 petris
1113 4078 1207 4127 quoque
1273 4052 1282 4073 ⁶
