2752 4844
536 371 596 433 tlt
630 367 845 430 Plsouus.
1142 364 1202 427 183

184 575 260 646 Non
275 574 408 645 fumum
420 595 461 642 ex
475 571 628 666 fulgore,
638 571 696 642 sed
712 595 754 644 ex
778 571 872 643 firmo
884 569 964 641 dare
975 569 1088 640 lucem
1116 575 1195 637 143.

184 691 333 786 Cogitat,
360 699 400 763 ut
421 692 570 786 speciosa
589 690 711 762 dehinc
730 689 893 762 miracula
911 694 1063 784 promat,
1117 695 1195 758 144.

184 809 422 907 Antiphatem,
446 809 663 904 Scyllamque
678 819 713 881 et
735 833 813 880 cum
833 808 981 904 Cyclope
1001 805 1089 879 Cha-

232 928 378 1024 rybdim.
809 1018 811 1023 Ι
948 1001 951 1008 ,
1117 932 1197 996 145.

182 1049 251 1120 Nec
280 1047 427 1120 reditum
451 1043 621 1118 Diomedis
646 1043 690 1114 ab
715 1046 853 1116 interitu
876 1043 1053 1138 Meleagri,
1115 1053 1195 1113 143.

182 1168 252 1239 Nec
277 1168 411 1262 gemino
432 1167 563 1238 bellum
586 1164 767 1234 Troianum
792 1163 924 1234 orditur
946 1161 990 1232 ab
1012 1184 1086 1234 ova.
1116 1169 1193 1231 147.

184 1285 325 1381 Semper
346 1286 388 1356 ad
409 1293 567 1357 eventum
586 1283 720 1354 festinat
743 1283 832 1354 etin
851 1280 977 1354 medias
997 1304 1066 1372 res,
1119 1289 1195 1352 148.

183 1405 260 1476 Non
279 1428 374 1476 secus
392 1429 432 1476 33
452 1412 568 1494 notas,
593 1401 781 1472 auditorem
802 1402 907 1495 rapit,
931 1409 966 1471 et
987 1423 1074 1494 quae
1117 1409 1195 1470 149.

109 1552 111 1561 ⁸
172 1524 346 1620 ¹Desperat
369 1530 510 1594 tractata
530 1523 693 1592 nitescere
711 1542 827 1614 posse,
853 1520 1031 1613 relinquit,
1115 1527 1193 1588 150.

186 1641 300 1736 Atque
324 1643 370 1712 ita
391 1642 573 1730 mentitur,
598 1640 644 1709 313
669 1640 754 1709 veris
775 1638 859 1708 falsa
884 1639 1056 1728 remiscet,
1118 1646 1196 1708 151.

183 1743 298 1832 Primo
321 1784 364 1832 ne
385 1759 550 1848 medium,
576 1756 685 1830 medio
705 1782 747 1828 ne
766 1757 933 1852 discrepet
952 1757 1070 1828 imum.
1114 1764 1203 1827 152..

662 1995 721 2064 Vl.

181 2232 220 2301 ln
242 2230 353 2320 verbis
374 2228 475 2302 'etiam
501 2231 826 2322 tenuiscautusque
848 2229 1016 2318 serendis,
1140 2237 1200 2300 46.

181 2350 256 2420 Η33
274 2358 380 2442 amet,
398 2350 464 2421 hoc
480 2357 616 2445 spernat
634 2349 790 2444 promissi
807 2349 963 2419 carminis
980 2355 1108 2418 auctor.
1136 2356 1194 2418 45.

171 2616 295 2664 dictincta
315 2621 389 2677 suut,
408 2629 437 2662 33
452 2604 578 2662 diiunxit
593 2615 671 2662 etiam
736 2615 781 2664 Sic
796 2616 865 2663 ueris
871 2615 946 2676 fatae
957 2617 1081 2664 recitaret.
1102 2614 1204 2663 innotu-

172 2704 263 2751 333113.
282 2702 464 2766 Negligeutius
478 2700 611 2748 Horatius.
629 2700 674 2764 Qui
706 2701 741 2749 tio
754 2699 945 2749 Commentatoria
960 2701 1087 2766 Gruquiani
1102 2699 1203 2766 legitur:

79 2782 81 2787 ’
148 2803 248 2840 ,mores
272 2785 395 2834 hominum
414 2784 544 2832 multorum
564 2783 627 2834 vidit
648 2794 674 2834 et
707 2786 780 2834 »Pro
791 2787 942 2848 corumiocet,
955 2788 1093 2834 mutatione
1101 2801 1204 2850 proepo-

172 2871 251 2921 urbes.
277 2872 351 2919 Urbes
366 2872 444 2918 311333
467 2885 483 2917 3
496 2877 673 2933 praetereunte
704 2873 827 2936 31113313,
851 2879 882 2920 31
902 2869 1018 2937 uteroque
1040 2887 1137 2920 recusso
1155 2887 1204 2936 ,oro

172 2957 256 3006 videri
264 2963 386 3020 possunt:
401 2970 480 3003 mores
491 2957 618 3020 cognosci,
632 2958 672 3004 ru'-
703 2973 832 3020 33333333,
857 2964 884 3006 31
906 2958 972 3022 apud
993 2959 1094 3006 Paetum
1115 2961 1141 3006 31
1155 2973 1204 3007 uon

172 3046 198 3092 ai
211 3044 326 3092 adhibito
338 3058 399 3091 curu
414 3049 440 3090 et
447 3041 544 3103 studio,
560 3057 671 3106 333333-
703 3046 771 3092 veris
782 3045 856 3106 falsu
869 3046 1010 3093 romisees.”
1032 3045 1087 3092 Eam
1103 3045 1138 3093 313
1153 3059 1203 3093 esse

171 3136 241 3178 3331.
705 3129 874 3178 emendandam
888 3129 980 3178 iudico:
998 3131 1063 3179 »Sto
1076 3130 1204 3191 uerisset·

203 3214 257 3265 Nec
269 3217 370 3280 gerrico
383 3213 470 3262 bellum
487 3215 622 3263 Troianum
635 3229 673 3262 or·
704 3231 733 3263 33
749 3218 871 3265 33313331.
895 3218 1021 3264 1133313331
1034 3233 1077 3282 pro
1093 3220 1203 3266 amramis·

121 3315 124 3320 ·
171 3299 671 3366 dituroboeo.lullSS.quibuadamapud
703 3309 758 3364 cet,
792 3303 923 3351 mutatione
952 3304 1149 3368 praepositionis,
1174 3314 1203 3352 ut

170 3388 329 3438 Gonodumud
345 3403 399 3449 333,
416 3388 590 3451 etSemperad
602 3402 671 3435 3333-
703 3386 767 3452 apud
791 3388 885 3436 Poetam
906 3396 1022 3453 uteroque
1042 3404 1140 3438 recusso
1160 3407 1203 3455 pro

171 3483 224 3524 tum
231 3474 355 3535 J‘estu'aat.
702 3477 841 3522 33333333.”
856 3475 932 3522 Poeta
946 3484 982 3522 est
994 3475 1119 3541 Virgilius,
1134 3476 1202 3524 cuiue
1230 3496 1233 3502 Α

204 3563 284 3623 Atque
301 3563 343 3608 113
358 3559 489 3606 mentitur.
511 3557 611 3621 Quintil.
630 3558 672 3621 IV,
705 3575 785 3607 versus
802 3569 879 3608 exstat
894 3562 920 3608 iu
935 3560 1032 3610 Aeneid.
1049 3561 1086 3624 11,
1102 3562 1142 3609 62.
1160 3560 1204 3610 ubi

172 3659 203 3706 u,
221 3647 261 3694 91,
281 3647 411 3708 Utrobique
426 3651 510 3692 autem
526 3650 672 3692 333133333-
704 3643 810 3693 Servius:
830 3647 894 3695 »Pro
909 3623 1029 3696 33333333
1057 3647 1201 3712 Praepositio

171 3732 276 3779 minicae
291 3731 385 3780 (1313111
402 3731 499 3778 actione
521 3736 586 3791 totu,
612 3730 673 3792 quit
703 3747 745 3796 pro
753 3733 955 3797 praepositione.”
963 3732 1084 3781 Caeterum
1092 3733 1202 3783 Horatius

164 3818 293 3878 fluxerit,
318 3819 432 3880 quereiam
453 3817 531 3864 331331
547 3815 671 3877 excidere,
704 3827 760 3865 unte
784 3817 864 3865 oculos
887 3817 997 3866 habuisse
1017 3817 1112 3866 videtur
1127 3820 1202 3884 ipsius

171 3902 396 3966 praefulserunt:
412 3902 671 3964 verumqueeste'llud,
704 3902 799 3950 Homeri
819 3919 911 3950 versum
936 3920 965 3951 ex
989 3902 1067 3970 Odyss.
1090 3905 1121 3967 T,
1143 3905 1200 3954 20³.

171 3989 235 4053 quod
249 3989 322 4053 vulgo
335 3988 444 4049 dieitur,
466 3987 602 4036 ruenduoeru
625 4002 672 4036 me·
704 3984 778 4036 ’1333
799 3987 908 4045 ψεύδεα
924 3987 1012 4037 πολλὰ
1028 3989 1117 4053 λέγειν
1138 3990 1202 4042 1τὺ-

171 4090 261 4125 morem
274 4089 326 4122 3333
340 4080 456 4137 oportere.
646 4106 648 4111 ·
705 4087 790 4131 333333
807 4072 895 4133 ὁμοῖα.
