2752 4844
181 382 207 468 'a
442 398 655 463 nonsart
684 394 927 460 urasaotn

215 604 287 676 Sais
312 598 487 673 simulare:
510 598 593 692 quid
616 597 700 689 hoo,
725 598 754 667 si
777 594 891 667 fractis
913 603 1025 669 enatat
1048 621 1165 696 exspes

214 719 385 811 Naribus,
406 742 480 790 aere
491 717 570 789 dato
588 719 648 811 qui
665 715 844 812 pingitur?
869 715 1043 812 Amphora
1054 721 1165 815 coepit

215 839 369 927 Institui3
394 848 550 910 currente
574 844 647 908 rata
671 861 735 908 cur
759 860 881 909 urceus
904 834 1004 909 exiti

215 958 368 1053 Denique
386 959 429 1030 sit
443 957 537 1052 quod
552 958 618 1049 vis,
643 954 785 1050 simplex
800 955 975 1028 dumtaxat
991 965 1026 1029 et
1045 983 1164 1032 unum.

183 1179 237 1232 pue.
260 1165 344 1229 Neque
359 1164 426 1212 enim
440 1162 524 1212 accedo
536 1162 615 1225 Cetae,
632 1162 677 1226 qui
707 1169 790 1210 natans
813 1162 839 1211 in
864 1162 1002 1228 fragmentis
1021 1173 1106 1228 ruptae
1121 1164 1197 1215 navis.

183 1255 214 1303 ob
230 1261 325 1302 oratore
334 1250 484 1314 verdafiugi
492 1255 568 1298 vetat.
585 1248 677 1296 ltaali·
709 1247 835 1312 Pingitur
850 1258 885 1296 est
901 1249 1050 1316 γράφεται,
1066 1253 1092 1300 vi
1106 1250 1196 1302 media:

182 1339 244 1404 quid
257 1338 362 1400 audere,
379 1335 408 1384 de
425 1352 471 1401 quo
487 1337 566 1385 Burni.
583 1334 614 1384 ad
628 1334 674 1384 ln·
705 1349 779 1382 uoces
787 1316 905 1398 fruitae,
929 1345 985 1384 eunt
1000 1336 1078 1385 lacera
1093 1338 1198 1387 membra

182 1425 244 1476 thal.
261 1427 313 1475 lat.
326 1425 352 1474 Τ.
366 1424 386 1473 l.
403 1438 458 1488 pag.
473 1424 528 1470 180.
706 1422 786 1484 navis,
802 1410 938 1484 uuaoiyiou.
961 1423 1034 1472 Recte
1050 1427 1129 1490 poenit
1144 1426 1199 1491 plu-

211 1510 287 1575 ¹Quid
300 1511 359 1573 boc,
384 1509 516 1569 sisraetis
532 1515 619 1557 enatat
633 1524 676 1556 ea·
706 1506 798 1570 relem,
820 1509 877 1573 quia
892 1509 918 1556 in
933 1510 1092 1570 oaoesractu
1107 1511 1197 1561 multae

182 1612 237 1662 epea
261 1596 391 1658 Navibus,
407 1611 463 1643 aere
485 1594 543 1642 doto
561 1595 605 1657 qui
615 1595 676 1658 pio-
706 1603 802 1659 partes,
817 1592 858 1642 hic
874 1593 926 1642 illic
938 1593 1077 1659 fluitantes,
1094 1599 1198 1663 cogiten·
1281 1588 1284 1594 ’

177 1681 673 1749 gitur?llgorectamsententiam‚quee
706 1689 754 1728 tur.
779 1679 848 1745 alpad
872 1680 976 1729 Persium
998 1683 1076 1750 Satyr.
1101 1685 1129 1748 1,
1147 1688 1198 1749 88,

180 1767 220 1818 hie
234 1768 313 1818 verbis
328 1767 405 1818 tribui
417 1766 508 1831 possit,
524 1781 571 1813 non
585 1767 675 1831 perspi·
707 1779 743 1817 est
755 1767 821 1817 locus
828 1769 953 1818 Horatiano
966 1768 1112 1818 simillimas:
1129 1773 1198 1820 Meu’

181 1856 227 1904 cio.
252 1852 313 1918 Quid
329 1855 391 1901 enim
404 1853 556 1918 significanti
570 1853 674 1901 Fortasse
706 1861 816 1916 moveat,
833 1857 938 1919 quippe,
959 1864 984 1904 et
999 1864 1083 1904 coutet
1097 1860 1123 1906 si
1136 1874 1198 1907 uero

181 1949 257 1988 artem
279 1939 385 2003 cupressi
406 1937 528 2002 eleganter
542 1937 674 2003 pingendae
698 1939 811 2004 fragne,
836 1955 915 1988 oseem
938 1941 1116 1992 Protulerim?
1142 1961 1199 1992 cou-

180 2024 254 2093 probe
279 2033 353 2071 tenes.
373 2020 420 2070 Sed
442 2020 501 2087 quid
525 2039 553 2071 ee
574 2039 611 2070 ars
627 2022 673 2072 tibi
706 2031 760 2088 tue,
777 2024 923 2084 oumsrootu
940 2031 965 2072 ta
979 2029 1009 2075 iu
1023 2030 1197 2093 trobepiotum

180 2113 291 2181 prodest,
313 2113 334 2161 si
349 2110 410 2174 ille,
432 2113 475 2177 qui
487 2111 611 2176 pecuniam
628 2108 675 2159 tibi
707 2110 855 2158 Euhemero
866 2116 964 2174 portes:
976 2114 1157 2180 nempirtgitur
1167 2122 1198 2164 ut

181 2198 264 2263 dedit,
289 2208 317 2245 at
333 2199 459 2264 pingatur,
478 2207 513 2245 est
528 2198 672 2262 naufragus,
705 2201 777 2243 notet
792 2196 926 2257 infractis
941 2200 1058 2262 meiius,
1075 2209 1100 2247 et
1111 2201 1203 2263 pietus

181 2296 223 2351 et,
248 2287 312 2335 omni
335 2302 376 2351 spe
397 2282 507 2346 ademta,
540 2282 674 2349 periculum
706 2291 744 2332 cat
764 2284 793 2332 iu
815 2286 882 2333 trabe
896 2285 1002 2346 fractu,
1025 2283 1199 2333 nihilomnino

179 2374 257 2424 nendo
283 2372 374 2421 evadit!
399 2372 427 2418 In
450 2370 495 2419 hac
512 2372 674 2418 enuntiatione
707 2365 832 2414 differunt.
857 2365 922 2414 Idem
937 2369 1014 2433 Satyr.
1028 2369 1123 2430 that.
1147 2377 1199 2416 tra-

180 2453 673 2523 daeeressuntrcprehcndcndae3altera,
708 2451 733 2498 be
757 2459 849 2514 rupto,
875 2454 983 2501 Bruttio
1006 2471 1068 2502 saue
1091 2456 1198 2529 Procedit
1280 2510 1284 2519 ἱ

117 2586 120 2591 .
180 2545 244 2614 quod
257 2545 378 2594 obscurius
390 2538 675 2603 indicatur,naalragum
707 2537 802 2584 amicus
816 2539 900 2601 iaops5
913 2553 1008 2602 remque
1024 2556 1128 2603 macru,
1143 2556 1199 2589 aur-

180 2631 271 2682 dedisse
292 2629 417 2696 pecuniam
437 2637 466 2675 ut
481 2627 507 2674 in
523 2626 599 2691 figure
614 2640 674 2671 nau·
705 2621 782 2685 deque
803 2631 859 2671 voto
885 2625 1002 2673 Condidit
1024 2626 1109 2674 Ionio:
1132 2628 1199 2676 iacet

180 2719 246 2784 fragi
266 2725 291 2765 et
314 2716 365 2763 sine
387 2730 428 2778 spe
450 2713 529 2761 nantis
544 2712 672 2777 pingatur;
706 2708 761 2772 ipae
776 2710 806 2756 iu
820 2711 910 2773 litore,
932 2719 958 2758 et
972 2727 1022 2759 uuo
1037 2713 1155 2777 Iugeeatee
1169 2713 1199 2761 de

180 2801 270 2864 altera,
295 2797 359 2867 quod
374 2813 461 2864 cespes
476 2809 500 2846 et
516 2803 604 2846 enatat
618 2803 674 2844 eunt
701 2800 936 2862 puppeDei.-—
951 2800 1058 2864 largire
1068 2801 1153 2864 inopi,
1167 2815 1198 2848 ue

180 2889 306 2937 contraria.
338 2886 395 2935 Nam
411 2886 454 2951 qui
469 2890 571 2945 enatat,
593 2883 672 2931 salvus
699 2887 787 2950 pietus
812 2889 906 2936 oberret
923 2888 1037 2936 Caeruleo
1054 2889 1082 2935 iu
1099 2888 1198 2935 tabula:

182 2985 233 3039 est,
246 2977 272 3023 in
288 2984 367 3023 tutum
386 2973 461 3020 venit.
486 2970 514 3017 Et
530 2968 586 3016 telis
599 2970 675 3035 imago
707 2971 752 3020 hoc
769 2982 817 3029 est;
836 2990 865 3021 ne
882 2972 993 3034 oberret,
1010 2973 1097 3037 stipem
1113 2989 1199 3039 rogans

182 3063 261 3111 minas
282 3070 338 3126 apta
355 3067 405 3107 erat
420 3054 451 3104 ad
467 3054 614 3103 excitandam
630 3057 674 3103 mi-
706 3066 731 3105 et
752 3061 868 3124 pictarum
887 3058 1028 3121 ostendens,
1058 3061 1084 3108 in
1100 3075 1147 3125 qua
1163 3068 1199 3108 est

182 3144 344 3197 sericordiern:
359 3142 485 3210 portabant
495 3143 558 3191 enim
566 3143 677 3207 naufragi
706 3145 786 3210 imago
801 3142 921 3192 haerentis
936 3146 962 3192 in
978 3142 1077 3207 tabula,
1101 3147 1127 3192 in
1150 3144 1199 3192 ira-

182 3231 277 3283 tubalea
293 3240 383 3279 suaset
399 3231 485 3296 stipem
500 3227 623 3295 rogabant.
637 3229 675 3278 ti·
707 3231 786 3296 gmine
794 3232 891 3296 navigii.
901 3230 1013 3280 laverbis
1022 3232 1095 3279 Persii
1103 3246 1199 3294 remque

124 3305 129 3313 ¹
183 3316 213 3368 de
238 3316 372 3382 exemplum
395 3315 498 3363 auctoris
518 3312 548 3362 ed
570 3314 672 3364 Herenn.
707 3318 1197 3382 oruaemsurdoqueootaeoadiditIouio‚

184 3405 284 3469 1v‚44.
310 3403 352 3451 Eu
367 3401 501 3466 naufragio
512 3402 615 3464 patriae
628 3402 678 3449 sal·
710 3404 781 3452 etiam
802 3403 945 3468 praesidium
967 3415 1002 3454 est
1016 3406 1142 3454 Horatiano
1158 3421 1200 3453 eu·

183 3507 229 3540 esea
254 3504 322 3538 mma
346 3494 431 3551 potest
455 3496 563 3539 ersotare.
596 3489 674 3538 Cicero
707 3506 778 3555 sper,
803 3507 846 3556 pro
869 3507 916 3556 quo
939 3493 1064 3556 nonnulli,
1089 3491 1152 3558 quod
1172 3494 1198 3541 in

183 3578 250 3626 Tusa.
268 3575 362 3640 Quaest.
379 3574 459 3639 v,31.
483 3577 587 3640 Reliqui
599 3592 625 3624 se
639 3577 676 3624 oi·
707 3576 768 3626 MSS.
786 3587 922 3644 corruptum
930 3579 1020 3646 legitur
1032 3595 1121 3645 eapee,
1132 3595 1198 3628 aoce-

183 3665 274 3714 dentur
297 3664 383 3712 babere
398 3663 551 3728 augustius:
572 3669 676 3710 enatant
707 3673 802 3730 parunt.

186 3759 275 3800 terren.
297 3751 419 3799 Horatium
431 3750 550 3815 scripsisse
564 3750 675 3798 coniitia:
740 3750 853 3812 Denique
868 3750 920 3811 sit,
941 3752 1003 3812 quod
1016 3752 1071 3813 eie,
1092 3753 1199 3817 simplex

185 3837 253 3898 Quid
275 3839 330 3901 boc,
352 3839 391 3900 ai,
415 3843 446 3885 ut
458 3836 558 3897 fruatis
577 3839 678 3885 innatet
709 3836 841 3884 duantum
860 3843 887 3885 et
903 3852 985 3885 uuum.
1018 3835 1062 3884 Ubi
1078 3839 1140 3902 quod
1158 3841 1200 3888 eie

185 3939 271 3990 eaepee
285 3925 400 3973 Navibus
415 3939 471 3973 aere
483 3924 540 3972 dato
553 3925 610 3987 quis
617 3925 676 3989 pia·
707 3923 908 3989 interpretentur,
917 3923 979 3988 quod
990 3923 1124 3987 instituio,
1138 3924 1201 3988 quad

180 4011 264 4077 gitur.
281 4009 307 4060 Si
318 4011 372 4076 quis
387 4028 412 4060 se
428 4012 463 4059 ita
478 4008 623 4076 pingendum
635 4026 676 4058 cu·
706 4010 836 4074 cornpouia.
868 4009 957 4058 Reate:
976 4009 1018 4060 sed
1037 4021 1062 4060 et
1081 4011 1156 4076 friget
1171 4027 1199 4059 ea

183 4105 235 4162 rat,
259 4104 288 4144 at
310 4095 336 4146 iu
354 4093 436 4145 tabula
456 4098 616 4163 conspiciatur
639 4098 675 4147 ia·
707 4096 794 4162 lectio,
820 4106 844 4146 et
859 4097 885 4146 in
900 4094 1080 4164 ambiguitatem
1095 4095 1199 4158 incidit,
