2752 4844
538 401 598 461 ΑΙ)
629 400 844 461 PISONES.
963 444 966 449 -
1145 402 1201 463 143

211 603 443 698 Tyrtaeusque
463 626 570 674 mares
595 605 723 673 animos
749 604 784 671 in
807 600 925 673 Martia
949 584 1040 674 bella

209 720 536 792 Versibus'exaouit:
561 721 669 792 diotae
689 745 751 814 per
775 722 924 792 carmina
947 706 1070 809 sorbes,

209 839 250 911 Et
270 842 356 912 vitae
373 849 556 911 monstrata
577 841 629 910 vie
647 848 713 930 est,
739 848 773 910 et
796 841 902 933 gratia
921 865 1039 934 regum

209 959 324 1030 Pieriis
346 966 471 1031 tentata
492 960 618 1047 modis,
643 957 815 1052 ludusque
836 965 1010 1052 repertus,

209 1076 251 1148 Et
274 1078 453 1172 longorum
476 1101 618 1173 operum
642 1077 734 1146 finis:
758 1100 801 1148 ne
825 1076 911 1147 sorte
935 1075 1059 1171 pudori

176 1347 244 1394 brom
251 1345 375 1407 feruutur
386 1345 532 1409 praebuisse
547 1344 611 1392 vati.
629 1341 673 1392 llbi
736 1343 798 1393 MSS.
815 1341 929 1410 quaedam
945 1344 1119 1407 Hircumque.
1138 1341 1202 1392 Unde

175 1441 231 1480 note
245 1431 300 1493 fide
319 1447 409 1480 eouoro
425 1439 451 1478 et
465 1430 547 1478 modos
561 1431 672 1478 seraeise-
705 1440 815 1495 corrupte
831 1431 857 1479 in
873 1414 928 1480 codL
943 1429 1116 1479 Breneknanni
1128 1431 1203 1478 Dire-

174 1533 221 1566 uoe
245 1518 390 1567 testudinis.
416 1514 534 1579 Pulchre,
559 1517 672 1581 inquam,
706 1520 801 1579 rusque.
824 1515 852 1565 ln
866 1514 970 1564 editione
982 1516 1071 1564 Veneta
1084 1532 1106 1564 s.
1124 1517 1202 1578 1477,

175 1612 200 1652 et
216 1603 292 1652 multo
305 1601 430 1669 pulchrius
441 1618 511 1668 quem
524 1601 609 1650 similis
621 1617 672 1649 sar·
704 1602 816 1666 impressa
832 1618 875 1666 per
892 1600 1029 1666 Philippum
1045 1600 1145 1649 Gondam
1161 1602 1204 1649 Pe·

174 1689 245 1739 minis
269 1698 353 1737 suetor
378 1689 404 1736 in
431 1686 512 1736 eadem
533 1686 676 1751 lnthologie
709 1688 753 1749 tri,
771 1703 841 1752 quem
857 1685 980 1735 Bentleius
993 1703 1040 1735 non
1053 1685 1129 1757 vidit:¹
1144 1667 1206 1734 mil

173 1775 200 1824 Τ.
217 1776 243 1838 1,
256 1791 311 1840 pag.
320 1775 360 1824 97.
374 1775 487 1839 Argutae
494 1775 606 1838 primum
618 1789 673 1821 cum
704 1788 821 1836 cauasque
848 1781 918 1821 artes
937 1775 1032 1821 animos
1054 1775 1086 1821 iu
1107 1775 1203 1821 usartiu

172 1863 270 1925 plectra
294 1862 412 1925 pareatis
438 1867 464 1908 et
490 1875 551 1907 auro
571 1860 673 1908 Distiu-
705 1847 781 1907 bella(
797 1858 875 1907 Codex
891 1858 1011 1908 Leidensis
1027 1859 1205 1924 antiquissimus

174 1953 240 1994 etum
260 1947 353 1995 sumsit
372 1947 497 1994 silbarum
518 1945 672 2009 Rhodopeius
703 1943 777 1993 habet
790 1947 965 2010 lyramque.
979 1945 1062 1993 Omnes
1074 1943 1204 1993 aberratio·

174 2033 253 2082 beros.
264 2034 288 2081 Is
295 2041 377 2080 auctor
386 2031 443 2079 olim
450 2028 574 2080 dicebatur
582 2030 671 2079 Cassius
703 2047 745 2079 nes
761 2047 775 2079 a
791 2047 847 2079 vero
861 2032 1041 2096 Tyrtaeusque,
1057 2047 1100 2096 pro
1114 2046 1161 2096 quo
1179 2039 1204 2078 et

174 2118 320 2175 Parmensis3
344 2119 441 2182 eiusque
466 2117 578 2177 nomine,
604 2117 672 2181 quasi
704 2116 797 2164 faciunt
818 2132 879 2182 quse
904 2126 1035 2182 sequuntur
1057 2118 1152 2163 animos
1175 2117 1205 2163 iu

174 2219 242 2251 nemo
263 2218 368 2266 unquam
391 2218 418 2248 ea
435 2199 464 2248 sle
481 2217 506 2248 re
524 2189 669 2262 dubitasset,
704 2201 765 2247 bellu
790 2203 902 2250 versibus
923 2203 1037 2262 euoeuit,
1061 2211 1085 2249 et
1101 2201 1203 2264 Quintil.

174 2286 279 2336 anrolo
292 2287 337 2335 Fee
345 2284 376 2334 ad
385 2287 476 2334 Horatii
484 2287 557 2351 Epist.
567 2286 671 2348 I,1s,3,
704 2285 783 2334 Instit.
800 2284 863 2335 Orat.
880 2287 919 2349 X,
931 2289 953 2335 1.
973 2284 1062 2345 Quia?
1079 2287 1204 2335 Horatius

174 2375 303 2439 repetitum
312 2382 361 2435 est,
373 2383 516 2437 vocaturque
528 2371 635 2437 lepidum
650 2381 674 2419 et
698 2372 803 2432 frustra
828 2375 962 2436 Tyrtaeum
983 2375 1087 2422 Ilomero
1103 2375 1204 2422 subiun-

174 2458 278 2524 elegans.
305 2459 453 2506 Burmannus
472 2456 503 2506 sd
519 2457 537 2505 l.
551 2457 570 2506 l.
587 2456 672 2505 melius
704 2455 768 2505 ait?
779 2468 804 2505 et
819 2458 876 2520 XII,
888 2461 927 2508 11.
945 2457 1030 2522 Neque
1044 2460 1088 2522 qui
1101 2461 1205 2507 Ilorueri

173 2543 302 2607 iudicavit,
317 2553 342 2592 et
353 2543 425 2591 multi
434 2552 490 2591 ante
502 2544 670 2592 Burmannnm.
701 2544 812 2608 gloriam
826 2546 941 2608 eorrsequi
953 2560 1001 2592 noa
1010 2553 1102 2608 potest.
1116 2546 1205 2594 locum

206 2632 374 2695 Tyrtaeusque
389 2615 486 2677 'eiures
518 2630 614 2677 animes
642 2631 672 2676 iu
703 2630 729 2678 L.
741 2628 844 2693 Ampelii
854 2629 975 2678 Bentleius
986 2630 1122 2679 felicissime
1136 2633 1205 2679 resti·

173 2717 272 2764 Martia
289 2717 350 2764 bello
369 2716 485 2763 Versibus
499 2716 608 2763 euoeuit.
628 2714 672 2762 Hie
705 2714 760 2762 tuit.
778 2712 857 2778 ldem,
876 2715 985 2763 Bentleio
1005 2718 1145 2780 ignorante,
1161 2717 1205 2765 nlii

173 2800 268 2867 quidem
285 2801 352 2850 locus
372 2801 506 2848 senissimus
528 2809 563 2847 est
577 2799 671 2848 'facilli
703 2799 818 2848 fecerant.
841 2799 898 2849 lide
916 2799 1044 2849 editionem
1061 2800 1140 2850 libelli
1156 2803 1204 2850 Du-

173 2902 283 2952 musqne:
298 2903 380 2934 serum
388 2885 432 2934 hec
445 2886 566 2933 occasione
580 2886 617 2933 fas
625 2886 672 2933 erit
703 2883 841 2948 keriennm,
858 2884 926 2933 Floro
942 2884 1100 2936 subiunctem.

173 2971 392 3036 depravatissimum
417 2972 443 3019 L.
466 2969 569 3036 Ampelii
591 2970 670 3018 locum
734 2971 872 3036 Etgratia
887 2986 973 3036 regum
988 2972 1088 3019 Pieriis
1105 2979 1205 3021 tentata

173 3056 311 3120 emendare,
326 3074 346 3106 c.
359 3057 422 3119 xlv,
437 3055 466 3105 de
479 3055 584 3105 Ducibus
596 3057 667 3106 Lsee·
698 3057 791 3120 merlis,
808 3057 926 3121 ludusque
943 3065 1072 3120 repertus,
1098 3057 1137 3106 Iit
1153 3060 1203 3106 lou·

172 3142 360 3192 daemoniorum:
386 3143 523 3207 Othryades
539 3144 583 3190 eir
598 3144 670 3191 bellu·
699 3159 787 3208 gerum
799 3159 897 3207 operum
901 3145 977 3204 fiur's.
991 3144 1103 3193 Horatius
1118 3144 1144 3193 in
1158 3144 1205 3194 hoc

172 3237 212 3278 tor
226 3257 260 3266 -
274 3237 400 3293 tropaeum
411 3245 455 3277 suo
469 3230 593 3294 sauguine
606 3229 669 3276 seri·
700 3238 842 3294 praecepto,
859 3228 916 3277 inde
933 3245 947 3277 a
964 3245 998 3278 vs.
1016 3232 1063 3278 sel
1079 3246 1156 3296 usque
1172 3230 1203 3280 ed

167 3318 239 3380 psit,
258 3317 396 3378 tertiusque
412 3315 536 3362 Messenio
551 3316 623 3377 bello,
638 3329 669 3363 ea
699 3316 761 3376 408,
781 3314 850 3362 docet
865 3331 951 3364 munus
967 3325 1092 3381 poetarum
1108 3334 1203 3383 semper

172 3404 267 3451 ueruto
282 3402 408 3467 Apollinis
423 3400 474 3448 dua
489 3401 519 3448 ab
533 3400 668 3449 Athenien·
701 3401 775 3449 fuisse
798 3402 959 3466 gravissimum
981 3413 1006 3451 et
1032 3403 1201 3467 utilissimum,

172 3489 241 3536 sibus
251 3503 300 3552 per
316 3488 451 3536 ludibrium
463 3487 569 3548 missus,
579 3502 670 3550 poena·
702 3503 729 3544 sc
753 3496 879 3551 propterea
905 3489 931 3536 in
955 3505 1040 3554 magno
1064 3488 1153 3537 honore
1178 3499 1204 3537 et

173 3581 227 3621 teas
248 3581 319 3636 eota,
340 3574 454 3621 militum
478 3572 574 3618 auimos
595 3573 674 3620 eouei-
705 3574 783 3638 pretio
799 3571 922 3637 habitum,
941 3573 999 3622 adeo
1012 3572 1108 3640 quidem
1122 3585 1150 3623 ut
1162 3591 1205 3623 ve·

173 3660 254 3720 tavit,
273 3666 305 3706 ut
321 3666 372 3706 tam
387 3659 535 3706 diuturnum
546 3659 670 3721 proelium
702 3667 738 3707 tes
754 3659 872 3724 appellati
887 3660 979 3708 fuerint
995 3661 1088 3710 divini.
1113 3661 1204 3709 Eximio

172 3743 670 3808 eiotorieeortsummareut.ssorrige:Tyr-
703 3744 798 3810 quidem
822 3745 910 3810 Orphei
933 3755 957 3793 et
979 3745 1093 3793 similium
1111 3744 1203 3811 Orpheo

172 3838 289 3892 tomosque
300 3831 391 3878 -dua
401 3846 449 3894 per
462 3831 597 3877 ludibrium
609 3831 669 3877 mis·
702 3831 769 3878 fuere
782 3832 867 3879 merite
881 3829 910 3879 de
925 3829 1030 3878 humano
1044 3847 1144 3895 genere,
1160 3848 1203 3880 ne·

172 3933 228 3979 sus,
242 3924 356 3980 poemate
371 3932 414 3964 suo
429 3916 470 3963 ita
485 3916 596 3963 militum
612 3916 666 3963 arri·
699 3932 744 3982 que
759 3925 837 3964 temen
854 3915 956 3963 aliorum
974 3916 1151 3967 contemnendo.
1173 3919 1200 3966 ln

170 4003 383 4062 moseoaeitavit‚
397 4008 490 4049 uttam
501 4016 535 4065 sq.
550 3999 664 4049 liderem
697 4000 734 4051 his
757 4001 800 4048 elii
821 4009 882 4048 totos
903 4002 1012 4050 notiones
1028 4003 1076 4050 suis
1092 4005 1201 4052 carmini·

171 4088 234 4154 apud
249 4089 366 4136 lustirmm
383 4087 427 4150 111,
440 4087 464 4135 5.
482 4086 639 4137 BENTLEIVS.
697 4085 742 4135 bus
763 4085 794 4135 ed
811 4089 924 4136 virtutem
942 4087 1053 4137 bellicam
1068 4089 1199 4139 inflamme-
