2752 4844
549 391 856 452 samsones,
1151 391 1207 452 165

183 656 184 660 ,
219 593 289 665 Fiet
309 593 411 664 homo
435 599 470 662 et
493 599 597 686 ponet
617 591 762 661 famosae
781 592 897 661 mortis
923 609 1080 662 amorem.

215 713 283 784 Nec
302 713 380 782 satia
400 718 539 807 apparet
564 733 626 780 aur
647 717 762 785 versus
784 709 923 780 factitat:
949 719 1065 780 utrum

217 830 373 902 Minxerit
392 831 427 899 in
451 830 577 925 patrios
597 829 739 917 cineres,
765 852 808 898 an
831 829 924 899 triste
945 828 1094 900 bidental

214 948 356 1020 Movent
379 949 535 1018 maestus.
557 946 652 1016 Certe
678 946 778 1015 furit:
802 971 860 1036 aa,
887 947 980 1017 velut
1005 971 1132 1039 ursum.

216 1066 372 1138 Obiectoa
394 1088 511 1136 caveae
536 1064 642 1133 valuit
663 1065 690 1132 si
716 1063 867 1158 frangere
892 1065 1055 1156 clathros,

214 1184 390 1256 Indoctum
417 1184 622 1276 doctumque
642 1181 738 1275 fugat
758 1184 914 1262 recitator
939 1183 1098 1256 acerbus:

181 1516 525 1582 inrefrigt'dissimacales,
539 1514 673 1574 inseraen-
705 1515 813 1563 alatlaros
841 1517 867 1564 in
892 1514 983 1563 duobus
1007 1515 1068 1564 MSS.
1093 1515 1211 1567 morula:

180 1602 383 1666 tissimsrigas.
705 1602 835 1648 amastrae.
860 1600 958 1647 Romani
979 1610 1060 1648 autem
1083 1602 1155 1649 variis
1175 1601 1204 1649 de

212 1690 292 1737 Ponet
311 1687 420 1742 famosae
442 1685 531 1733 mortis
560 1698 671 1733 umorem.
705 1687 791 1733 caussis
804 1683 924 1734 habebant
941 1700 1019 1747 ursos,
1035 1686 1107 1734 etiam
1120 1688 1162 1751 <pri
1178 1688 1204 1734 in

177 1771 254 1823 Codex
266 1771 396 1821 Zalichem.
411 1771 529 1818 bonorem.
543 1770 587 1818 Hic
595 1779 674 1819 autem
707 1772 769 1818 cneo
785 1780 867 1818 eontra
880 1769 1000 1819 damnatos
1012 1788 1042 1819 ex
1051 1772 1128 1819 caveis
1137 1774 1205 1820 emit·

179 1865 254 1906 cessat
269 1856 328 1906 baec
342 1855 447 1922 Epistola
463 1855 490 1903 in
510 1853 614 1903 editione
623 1855 675 1902 Flo-
707 1853 827 1904 tebantur.
845 1856 969 1921 Longinus
976 1855 1005 1903 de
1021 1854 1122 1905 Sublim.
1138 1854 1205 1919 §44

177 1943 271 1991 rentina
285 1959 308 1991 a.
331 1943 402 1990 155⁰.
418 1941 522 1988 Fortasse
538 1956 618 1988 versus
637 1957 673 1988 se·
706 1941 765 1990 ἐπεὶ
790 1959 832 1990 τοι
856 1959 888 2004 νε
911 1941 1058 2000 ἀφεθεῖσαι
1074 1943 1107 1991 τὸ
1125 1941 1205 1992 σύνο-

178 2026 375 2093 quentcshomini
383 2028 423 2091 pio
431 2023 595 2091 displicebant:
604 2027 673 2073 Mia-
706 2025 765 2085 λον,
788 2024 821 2083 ὡς
837 2026 863 2082 ἐξ
881 2026 990 2093 εἱρκτῆς
1006 2025 1114 2086 ἄφετοι,
1133 2030 1205 2077 κατὰ

176 2115 247 2162 uerit
261 2116 291 2162 ia
309 2114 407 2178 patrios
421 2113 529 2173 ον’νιονοο,
548 2126 581 2157 aa
597 2112 673 2159 triste
705 2111 760 2160 τῶν
781 2111 893 2176 πλησίον
920 2113 950 2162 ai
968 2112 1129 2169 πλεονεξίαι.
1159 2112 1205 2161 Ubi

176 2200 288 2248 Mdeatal
300 2199 411 2247 Moverat
420 2198 538 2244 incestam.
671 2179 673 2184 ,
706 2212 748 2260 pro
762 2194 857 2254 ἄφετοι
869 2196 1019 2246 scribendum
1030 2208 1088 2263 puto
1100 2196 1205 2265 ἄρκτον.

208 2283 261 2332 Noe
269 2285 458 2347 concepeperat,
470 2296 514 2328 cur
527 2279 673 2340 annessae·
705 2278 790 2328 Eodem
807 2283 914 2346 pertinet
925 2281 991 2330 locus
1006 2282 1205 2331 ductorisadlle·

176 2372 246 2420 ticet.
264 2371 291 2418 ln
307 2365 671 2436 grandimontensem
703 2367 811 2414 rennium
831 2367 873 2429 tv,
895 2368 936 2415 39.
970 2367 1041 2425 Quas
1059 2370 1086 2415 ci
1108 2369 1202 2432 istam,

166 2456 289 2520 factitat,
306 2457 332 2503 in
344 2455 449 2520 antiquis
460 2450 603 2500 editionibus
616 2466 670 2499 cum
702 2451 815 2515 iudices,
837 2455 932 2500 vestris
954 2455 1090 2501 sententiis
1114 2456 1202 2502 libera·

175 2558 261 2590 versus
269 2541 386 2603 factitat.
408 2539 484 2605 itque
499 2535 563 2585 idem
576 2553 670 2602 expres·
702 2539 807 2599 veritis,
832 2540 936 2601 statim,
958 2539 1026 2587 sicat
1045 2555 1058 2588 a
1074 2555 1147 2588 eavea
1166 2543 1203 2588 leo

141 2670 144 2675 .
173 2644 225 2676 sum
239 2637 274 2675 est
287 2628 313 2674 in
331 2624 434 2673 editione
448 2624 538 2671 Veneta
553 2639 575 2670 a.
596 2623 667 2671 1477,
700 2623 807 2685 osismos,
824 2630 870 2670 aut
879 2624 965 2686 eliqua
979 2627 1110 2672 teterrima
1122 2627 1202 2675 bellam

172 2711 299 2762 Sicautem
312 2707 526 2775 interpungendum
540 2717 603 2755 erate
616 2708 669 2756 Nec
701 2708 784 2755 soluta
800 2723 831 2755 ca
851 2711 960 2771 eatenis,
986 2711 1103 2758 volitabit
1119 2719 1145 2758 et
1160 2729 1202 2759 aa·

173 2799 240 2846 sams
254 2804 372 2863 apparet,
388 2808 536 2843 οοονιυονενο
542 2793 666 2853 factitat,
697 2793 803 2857 gattsar
817 2794 923 2856 s'asora,
940 2810 1030 2842 aeneas
1045 2796 1200 2844 mutescant-

172 2890 259 2931 anum
274 2881 402 2931 Minuerit
412 2882 443 2926 e'u
453 2878 667 2942 patriosmneras,
702 2884 739 2925 tos
754 2880 783 2925 a'a
799 2881 916 2942 seiamque
924 2880 1059 2942 fortunas,
1075 2883 1106 2927 c'a
1119 2897 1200 2929 omnes

174 2984 208 3015 ονι
221 2968 297 3015 trista
307 2966 418 3014 Mdcatal
426 2964 537 3011 Monarit
550 2963 669 3010 incestas.
702 2965 879 3026 omiseratque
894 2965 1024 3026 inimicos,
1041 2973 1118 3015 notos
1126 2973 1199 3030 atquc

171 3053 217 3101 Pro
224 3046 567 3114 factitet‚nonnulliCodices
579 3045 669 3096 habent
701 3049 802 3114 ignotos
816 3052 955 3097 mameranus.
973 3048 1017 3099 Ubi
1033 3050 1097 3099 illud
1109 3054 1200 3101 maltos

173 3140 291 3189 dictitet:
307 3135 370 3205 quod
385 3137 436 3184 fere
451 3134 592 3199 exquisitius
604 3132 669 3181 vide·
701 3134 800 3196 dentes,
814 3151 955 3200 quamquam
972 3136 1082 3184 nonnulli
1099 3138 1198 3187 fortasse

172 3228 195 3275 ri
210 3234 302 3292 posset,
320 3239 390 3289 guam
408 3231 436 3269 ut
451 3219 555 3268 librariis
571 3218 669 3268 debere·
701 3220 844 3284 explicaturi
860 3222 908 3268 sint
925 3221 1013 3270 Graeco
1029 3238 1106 3287 more,
1128 3226 1200 3275 sicuti

171 3320 225 3374 tur,
248 3312 297 3360 nisi
319 3310 430 3358 sciremus
453 3306 664 3371 significationem,
697 3304 787 3352 Gallim.
802 3305 831 3354 Η.
846 3307 871 3353 in
884 3306 982 3356 Dianam
994 3324 1028 3356 vs.
1042 3312 1083 3357 et.
1098 3308 1199 3367 πολλὰς

170 3413 219 3464 qua
239 3397 335 3445 dictare
363 3388 405 3458 pro
426 3392 531 3439 scribere
554 3391 665 3455 ponitur,
701 3386 733 3437 δὲ
750 3391 838 3453 μάτην
851 3390 1016 3441 ἐτανύσσατο
1026 3400 1132 3459 χεῖρας,
1148 3412 1199 3442 rnu-

172 3499 221 3532 esse
237 3483 391 3530 recentiorem
404 3487 483 3526 aetate
495 3476 594 3523 Horatii.
612 3475 666 3522 Ges·
699 3473 797 3524 tandum
814 3493 896 3525 censeo
911 3480 937 3526 in
945 3479 1084 3538 fulmineos
1102 3482 1197 3529 dentes.

172 3563 244 3616 uerus
259 3567 289 3616 ad
304 3563 445 3631 Quintiliani
461 3561 538 3609 instit.
555 3559 617 3608 Orat.
632 3560 668 3622 X,
702 3560 760 3608 Nam
781 3577 811 3609 ea
831 3563 906 3611 oratio
923 3562 997 3611 babet
1013 3563 1105 3630 aliquid
1121 3565 1200 3615 inflati

174 3654 201 3714 1,
224 3651 323 3717 pulchre
339 3646 610 3713 huinssignificationis
622 3647 667 3692 ori-
701 3655 726 3693 et
738 3649 835 3710 poetici.
853 3649 892 3697 Est
907 3659 987 3697 autern
1003 3652 1122 3714 poeticum
1138 3651 1198 3700 deas

172 3738 252 3803 ginem
273 3735 383 3784 ostendit.
412 3733 477 3782 tate
498 3733 624 3780 Burmann.
640 3728 670 3778 ad
693 3732 852 3791 fulmineus:
879 3733 997 3782 Phaedrus
1025 3734 1080 3784 Fab.
1103 3737 1130 3798 1,
1155 3740 1196 3786 el.

173 3821 269 3872 tathot.
286 3823 392 3870 Latinam
404 3821 429 3868 T.
444 3821 468 3880 l,
481 3834 537 3884 pag.
551 3817 605 3864 1³4.
699 3817 766 3880 Aper
774 3819 911 3877 fielmiaee's
931 3820 964 3865 ad
986 3834 1040 3865 caca
1060 3822 1129 3867 venit
1142 3822 1198 3869 alen-

204 3909 253 3970 Ac,
271 3909 339 3955 velat
354 3921 441 3966 ursas,
461 3905 571 3951 Obiectos
582 3916 667 3949 caveae
701 3904 774 3950 tibus.
789 3902 1014 3951 Ovidiustletam.
1023 3905 1080 3953 650.
1095 3908 1198 3957 Fulmen

171 3996 255 4044 aadcit
269 3992 424 4056 sifraagare
438 3990 554 4038 clatbros.
576 3989 603 4035 ln
620 3986 665 4035 us,
699 3989 787 4035 balam
811 4003 879 4036 acres
903 3989 932 4034 ia
955 3989 1060 4037 adaams
1083 3992 1203 4042 decanias

171 4079 343 4131 Brenalunanni
362 4079 399 4126 Et
421 4077 488 4125 velat
508 4090 589 4123 arsace.
624 4072 666 4120 Pro
700 4056 764 4136 apri,
