2752 4844
533 373 592 431 ΑΙ)
623 372 838 432 PISONES.
1154 373 1192 434 49

208 575 264 665 Et,
287 597 502 666 quocumque
519 574 653 663 volent,
670 575 818 643 animum
842 571 1003 642 auditoris
1024 581 1161 667 agunt-o.

174 795 237 861 Quid
249 796 346 845 autem?
367 813 397 844 an
412 812 458 843 non
474 805 498 843 et
515 794 588 843 exiles
604 794 670 860 Elegi
702 794 755 842 dem
766 794 833 861 loqui
845 793 952 858 desiisse,
966 797 1088 862 sequentia
1102 813 1198 862 persna-

144 865 147 869 ⁴
174 885 199 930 in
220 899 262 929 auo
283 898 369 947 genere
393 879 490 945 pulchri
514 897 563 928 esee
587 890 670 946 potue·
702 879 772 938 dent;
790 879 833 928 nbi
849 880 941 929 eosdem
955 882 1080 946 compellat
1095 883 1196 931 vs.104.

175 968 250 1015 runt?
262 967 342 1032 Neque
357 983 411 1014 raro
424 965 452 1013 de
467 965 581 1014 cothurno
594 965 670 1013 solum
703 966 804 1029 Telephe
820 967 860 1013 vel
874 967 965 1014 Peleu:
980 969 1044 1014 male
1059 969 1085 1014 ei
1099 968 1198 1015 manda·

173 1052 285 1117 Tragico‚
307 1051 390 1100 sedda
408 1051 542 1099 Comoediae
560 1067 626 1098 socco
643 1060 668 1098 et
701 1058 728 1097 ta
743 1052 857 1114 loqueris.
875 1052 933 1116 Ergo
950 1051 994 1099 hoc
1009 1052 1075 1099 vult:
1093 1054 1142 1100 Non
1162 1069 1198 1101 aa·

174 1154 279 1186 sermone
299 1136 401 1202 pedestri
420 1139 467 1184 iam
488 1135 559 1183 verba
580 1137 670 1184 fecerat
702 1137 733 1183 tis
750 1145 797 1198 eet,
820 1146 848 1184 ut
869 1139 934 1202 puris
955 1147 979 1185 et
995 1136 1105 1185 civilibus
1120 1137 1199 1186 verbis

176 1222 270 1282 Noster3
293 1233 321 1270 ut
337 1224 369 1270 τὸ
382 1224 489 1286 pulchra
502 1222 598 1286 utrique
617 1221 671 1269 etilo
704 1231 787 1269 utatur
801 1221 930 1286 Telephus3
952 1224 1023 1270 etiam
1040 1221 1150 1270 dulcibus
1164 1222 1201 1270 lo·

177 1319 225 1357 tam
237 1310 304 1356 tenui
313 1325 382 1373 quam
398 1307 481 1374 grandi
491 1325 520 1355 ex
531 1324 605 1372 aequo
616 1324 669 1356 con·
702 1317 802 1372 quatur,
816 1323 876 1372 quae
889 1307 989 1356 affectus
1002 1318 1123 1370 moveant,
1136 1324 1197 1373 qnae

127 1443 129 1448 ,
175 1396 254 1443 venire
267 1404 381 1459 oporteat.
395 1393 499 1441 Achilles
509 1392 612 1455 Statius,
626 1394 669 1457 qui
700 1392 814 1441 auditoria
825 1395 928 1440 animum
944 1410 1090 1459 quocumque
1103 1393 1197 1456 volent,

175 1479 231 1528 huic
244 1479 327 1527 libello
341 1478 458 1527 eruditam
470 1495 563 1543 operam
579 1481 669 1544 impen·
701 1477 731 1526 ad
744 1477 937 1540 misericordiam,
948 1479 1146 1544 indignationem,
1158 1478 1199 1526 do·

175 1563 224 1627 dit,
233 1567 339 1629 pulchre
354 1565 454 1629 accipit,
468 1563 554 1628 quibus
567 1563 667 1612 virboni
698 1563 793 1625 lorem‚'
811 1563 895 1610 fletum
919 1565 1020 1627 rapiant.
1046 1564 1094 1611 Iam
1118 1574 1198 1611 autem

174 1652 199 1699 in
215 1653 266 1716 ipae
282 1651 357 1699 forma
374 1659 426 1712 eat,
450 1648 491 1697 sed
507 1649 588 1697 nullus
604 1648 671 1696 adest
698 1664 764 1712 pera
779 1646 877 1713 perinde
895 1663 943 1694 esse
960 1665 987 1695 ac
1002 1649 1104 1711 civilia,
1123 1664 1200 1712 popia-

174 1735 253 1784 cuItua
275 1746 299 1782 et
315 1745 422 1782 ornatus:
443 1733 527 1782 deinde
544 1743 569 1781 et
584 1734 670 1800 Diony·
702 1734 785 1794 laria,
812 1733 975 1796 ‘quotidiam
1007 1732 1072 1781 locus
1101 1736 1199 1799 insignia

175 1809 235 1869 sinin
256 1819 480 1868 Halicarnassensenr
501 1821 526 1866 in
542 1830 621 1884 partes
638 1821 670 1866 ci·
703 1817 765 1884 apud
790 1819 898 1866 Nostrum
922 1816 968 1865 tibi
984 1817 1200 1884 ostendet‚'quem

171 1915 228 1968 tat,
246 1908 288 1971 qui
303 1907 335 1954 τὸ
350 1905 405 1969 ἡδὺ
423 1907 449 1952 in
461 1906 565 1953 oratione
579 1915 671 1971 separat
703 1907 782 1953 nescio
797 1920 827 1951 an
840 1903 904 1951 ullus
917 1904 1075 1969 Interpretum
1088 1915 1151 1953 recte
1165 1922 1202 1953 as-

176 1991 229 2041 ἀπὸ
252 1993 301 2041 τοῦ
328 1991 426 2054 καλοῦ,
451 1990 521 2056 plane
542 2000 570 2038 ut
593 2002 673 2039 noster
704 2000 799 2040 secutus
815 1991 859 2052 sit,
876 1990 948 2038 Serm.
963 1991 1091 2053 1'‚1v,54.
1111 1989 1155 2038 nbi
1171 1989 1201 2038 de

175 2079 242 2127 delae
258 2096 272 2127 a
283 2080 393 2142 pulchro.
411 2077 453 2125 vix
469 2087 548 2125 tamen
564 2094 587 2124 ee
602 2078 674 2126 extri·
706 2077 760 2124 stilo
773 2075 907 2123 Comoediae
916 2078 979 2140 agit:
993 2092 1050 2123 num
1063 2077 1124 2140 qeid
1131 2078 1201 2124 Peen-

175 2175 226 2223 cat3
244 2181 322 2230 neque
340 2180 382 2227 ego
398 2163 503 2223 Lectori,
520 2161 578 2226 quid
594 2178 623 2209 ex
637 2161 674 2209 bis
700 2152 868 2224 poniua'e'ctic
882 2162 989 2209 dedicet
1004 2163 1108 2223 leviora,
1126 2169 1203 2226 pater·

176 2259 289 2314 aequatur
307 2257 346 2296 et
367 2248 503 2312 praeferat,
533 2248 668 2311 praecipere
701 2247 727 2292 ei
743 2242 859 2292 eiceret?
880 2261 937 2309 ergo
950 2245 1006 2293 Non
1022 2249 1089 2293 eate'e
1104 2254 1142 2294 eet
1156 2263 1202 2309 pee-

177 2334 238 2383 volo,
262 2335 347 2381 Novam
369 2330 528 2380 tantummodo
546 2331 673 2379 lectionem
705 2332 855 2393 riaeercum
871 2332 1021 2378 conscribere
1035 2333 1124 2380 cerdic.
1148 2331 1202 2396 (No-

176 2436 207 2469 ex
216 2419 360 2484 vigorniensi
366 2416 448 2465 Codice
456 2414 596 2482 producam,
608 2432 668 2480 quae
701 2424 726 2463 ta
742 2414 818 2477 illud,
840 2416 897 2462 Non
912 2418 978 2464 satio
996 2424 1035 2464 eet
1045 2418 1134 2480 patres,
1151 2417 1202 2482 pla·

176 2507 210 2553 sic
225 2503 310 2552 habet:
335 2504 393 2551 Non
407 2504 474 2550 ratic
489 2509 528 2549 eet
538 2517 605 2565 pura
620 2516 672 2549 eece
703 2518 733 2548 ne
747 2511 775 2546 nt
789 2499 842 2562 hic,
854 2502 912 2549 Non
924 2503 990 2549 eatis
1003 2510 1042 2550 eet
1050 2518 1116 2566 pura
1129 2501 1199 2568 eece.)

172 2598 299 2655 peeneete,
312 2590 395 2637 dulcia
410 2595 494 2650 rareto,
511 2589 549 2635 Et
564 2603 672 2650 quomam-
706 2587 782 2644 Quem
804 2588 830 2633 ai
850 2587 985 2648 dissolvae5
1007 2589 1091 2650 quivis
1113 2596 1202 2636 eterne·

175 2693 221 2740 que
236 2678 317 2724 vedent
332 2676 440 2722 animum
455 2674 581 2721 auditoria
594 2688 673 2738 agen·
704 2673 804 2732 cietur,
819 2672 900 2719 eedem
910 2673 961 2729 Quo
972 2681 1120 2736 peramanter
1128 2682 1203 2738 pacto

178 2770 247 2810 tc:a
269 2763 343 2825 prima
359 2776 429 2807 manu
450 2760 475 2806 in
491 2767 603 2806 contextu
623 2767 673 2805 erat
701 2764 784 2821 pater.
810 2755 854 2804 Ubi
877 2756 968 2821 liquido
987 2757 1149 2823 accipiendum
1164 2769 1202 2807 est

172 2849 294 2911 palabre:
318 2855 398 2910 postea
421 2861 464 2909 per
487 2858 590 2890 rasuram
607 2857 673 2904 pura
700 2843 788 2905 peric,
810 2842 932 2903 cecitatis,
954 2858 1001 2889 non
1009 2845 1131 2906 poeticis,
1148 2847 1202 2909 qui-

178 2933 307 2996 repositum
327 2939 376 2991 est,
402 2938 426 2975 et
442 2929 548 2991 poetro
563 2928 625 2975 inter
641 2927 670 2974 Ii·
702 2925 747 2974 bus
760 2929 836 2992 quivis
850 2926 879 2974 de
893 2926 962 2991 plebe
976 2928 1201 2993 pater,nbiiilium

176 3035 232 3067 neae
256 3032 298 3083 pro
318 3017 382 3064 varia
405 3015 506 3062 lectione
529 3013 669 3079 relegatum.
703 3013 848 3062 stomachans
864 3012 988 3078 obiurgat,
1004 3017 1094 3079 pariter
1108 3019 1198 3067 utatur.

178 3105 236 3169 Ergo
257 3102 311 3165 hic,
336 3102 471 3167 quicunque
495 3100 560 3161 fnit,
586 3100 612 3147 in
627 3099 675 3147 alio
707 3097 893 3164 Apndssellium
909 3100 977 3162 XIII,
994 3102 1201 3167 aeruginaverat

171 3188 308 3255 exemplari
315 3202 381 3251 pare
397 3187 531 3247 invenerat,
557 3194 582 3232 et
597 3186 671 3251 priori
702 3184 797 3250 quidam
809 3183 870 3232 illud
878 3184 969 3233 Claudii
976 3185 1125 3252 Quadrigarii
1139 3205 1201 3238 mm·-

176 3275 274 3324 lectioni
287 3272 409 3339 praetulit.
423 3270 546 3319 Videamus
558 3269 616 3335 quid
626 3271 672 3332 ait,
706 3270 798 3318 tatibus
813 3287 855 3334 pro
871 3272 1010 3330 eminatas,
1022 3276 1124 3337 multia,
1141 3285 1201 3324 tam-

177 3371 202 3408 et
225 3376 295 3425 quam
324 3368 379 3423 apte
404 3373 457 3404 cum
478 3354 673 3421 praecedentibus
705 3371 775 3421 quam
788 3357 858 3403 nimis
871 3356 1200 3420 poeticedictnm:cuiFron·

178 3444 309 3494 cohaereat.
324 3444 420 3491 Dixerat
436 3442 483 3488 iarn
499 3440 594 3501 Noster,
608 3440 675 3488 Tele·
708 3449 732 3487 to
748 3438 783 3487 ibi
799 3440 936 3505 respondet:
954 3443 1032 3492 Nihil
1042 3453 1124 3492 eutem
1136 3447 1202 3493 ardi-

178 3531 251 3596 phum
268 3540 292 3578 et
308 3529 393 3591 Pelea,
410 3529 452 3593 qui
465 3540 580 3592 pauperes
596 3534 621 3573 et
634 3542 674 3574 ex·
707 3533 774 3572 trare
791 3542 891 3574 caeterae
901 3527 1000 3591 feisse,
1017 3532 1079 3592 quod
1098 3533 1139 3577 eir
1154 3546 1202 3578 mo·

92 3662 94 3668 ,
178 3615 406 3676 eulesinducuntur,
422 3630 469 3661 non
482 3613 674 3677 poeticieetcee-
705 3611 771 3659 docti
783 3619 856 3676 etque
863 3614 927 3676 pari
938 3629 966 3661 ae
975 3630 1051 3678 prope
1063 3616 1204 3678 quotidiani

179 3698 345 3767 quipedalibua
360 3696 451 3761 verbis,
475 3696 517 3744 aed
534 3695 638 3761 pedestri
652 3705 676 3744 et
707 3699 828 3745 sermome
855 3697 993 3747 Mortaiibus
1017 3702 1107 3747 oculuit
1131 3716 1203 3763 quaen

178 3785 244 3834 civili
264 3801 367 3832 sermone
385 3785 431 3831 nti.
453 3783 525 3830 Recte
542 3781 586 3830 hcc
603 3791 673 3829 etex
706 3781 840 3830 bominibus
856 3784 936 3830 dicere
942 3781 959 3830 ‚⁹
974 3785 1061 3832 Auctor
1076 3784 1106 3833 ad
1114 3786 1203 3835 Heren-

178 3872 273 3920 decoro:
299 3866 340 3918 sed
363 3867 429 3916 addit
450 3877 528 3916 tamen
549 3869 673 3915 continuo:
707 3871 772 3917 nium
788 3868 829 3930 II,
842 3871 866 3916 8.
889 3868 932 3916 ubi
950 3867 979 3916 de
999 3868 1075 3917 tribus
1091 3874 1203 3923 orationis

177 3974 225 4005 non
246 3956 312 4002 satie
333 3960 372 4000 eet
390 3968 456 4015 pecu
477 3967 528 4000 ecce
542 3959 670 4016 poemata:
703 3951 829 4018 generibus
852 3954 900 4000 aive
922 3954 1005 4018 figuris
1026 3957 1088 4020 agit:
1113 3961 1204 4008 Graee‘e

96 4039 107 4065 ⁶
179 4045 263 4090 dulcia
278 4046 358 4089 sunto.
376 4036 481 4086 Nondum
494 4047 573 4086 autern
590 4037 618 4084 de
635 4039 674 4086 iia-
707 4047 757 4100 cet,
780 4039 873 4102 inquit,
892 4054 952 4101 qaae
967 4048 1064 4088 cmeetat
1079 4057 1110 4091 ee
1125 4046 1204 4093 verbo-

1056 4147 1076 4201 4
